%YAML 1.1
%TAG !u! tag:unity3d.com,2011:
--- !u!29 &1
SceneSettings:
  m_ObjectHideFlags: 0
  m_PVSData: 
  m_PVSObjectsArray: []
  m_PVSPortalsArray: []
  m_OcclusionBakeSettings:
    smallestOccluder: 5
    smallestHole: .25
    backfaceThreshold: 100
--- !u!104 &2
RenderSettings:
  m_ObjectHideFlags: 0
  serializedVersion: 6
  m_Fog: 0
  m_FogColor: {r: .5, g: .5, b: .5, a: 1}
  m_FogMode: 3
  m_FogDensity: .00999999978
  m_LinearFogStart: 0
  m_LinearFogEnd: 300
  m_AmbientSkyColor: {r: .698529422, g: .698529422, b: .698529422, a: 1}
  m_AmbientEquatorColor: {r: .114, g: .125, b: .133000001, a: 1}
  m_AmbientGroundColor: {r: .0469999984, g: .0430000015, b: .0350000001, a: 1}
  m_AmbientIntensity: 1
  m_AmbientMode: 3
  m_SkyboxMaterial: {fileID: 0}
  m_HaloStrength: .5
  m_FlareStrength: 1
  m_FlareFadeSpeed: 3
  m_HaloTexture: {fileID: 0}
  m_SpotCookie: {fileID: 10001, guid: 0000000000000000e000000000000000, type: 0}
  m_DefaultReflectionMode: 0
  m_DefaultReflectionResolution: 128
  m_ReflectionBounces: 1
  m_ReflectionIntensity: 1
  m_CustomReflection: {fileID: 0}
  m_Sun: {fileID: 0}
--- !u!127 &3
LevelGameManager:
  m_ObjectHideFlags: 0
--- !u!157 &4
LightmapSettings:
  m_ObjectHideFlags: 0
  serializedVersion: 5
  m_GIWorkflowMode: 0
  m_LightmapsMode: 1
  m_GISettings:
    serializedVersion: 2
    m_BounceScale: 1
    m_IndirectOutputScale: 1
    m_AlbedoBoost: 1
    m_TemporalCoherenceThreshold: 1
    m_EnvironmentLightingMode: 0
    m_EnableBakedLightmaps: 1
    m_EnableRealtimeLightmaps: 1
  m_LightmapEditorSettings:
    serializedVersion: 3
    m_Resolution: 2
    m_BakeResolution: 40
    m_TextureWidth: 1024
    m_TextureHeight: 1024
    m_AOMaxDistance: 1
    m_Padding: 2
    m_CompAOExponent: 0
    m_LightmapParameters: {fileID: 0}
    m_TextureCompression: 1
    m_FinalGather: 0
    m_FinalGatherRayCount: 1024
  m_LightmapSnapshot: {fileID: 0}
  m_RuntimeCPUUsage: 25
--- !u!196 &5
NavMeshSettings:
  serializedVersion: 2
  m_ObjectHideFlags: 0
  m_BuildSettings:
    serializedVersion: 2
    agentRadius: .5
    agentHeight: 2
    agentSlope: 45
    agentClimb: .400000006
    ledgeDropHeight: 0
    maxJumpAcrossDistance: 0
    accuratePlacement: 0
    minRegionArea: 2
    cellSize: .166666672
    manualCellSize: 0
  m_NavMeshData: {fileID: 0}
--- !u!1 &136266449
GameObject:
  m_ObjectHideFlags: 0
  m_PrefabParentObject: {fileID: 0}
  m_PrefabInternal: {fileID: 0}
  serializedVersion: 4
  m_Component:
  - 4: {fileID: 136266450}
  - 65: {fileID: 136266451}
  m_Layer: 0
  m_Name: GameObject
  m_TagString: Untagged
  m_Icon: {fileID: 0}
  m_NavMeshLayer: 0
  m_StaticEditorFlags: 0
  m_IsActive: 1
--- !u!4 &136266450
Transform:
  m_ObjectHideFlags: 0
  m_PrefabParentObject: {fileID: 0}
  m_PrefabInternal: {fileID: 0}
  m_GameObject: {fileID: 136266449}
  m_LocalRotation: {x: 8.14603496e-08, y: -.866025388, z: .50000006, w: -1.41093452e-07}
  m_LocalPosition: {x: 2.27169299, y: .121218227, z: -.298300475}
  m_LocalScale: {x: 1.81735444, y: 1.49238205, z: 1.70903122}
  m_Children: []
  m_Father: {fileID: 368964207}
  m_RootOrder: 0
--- !u!65 &136266451
BoxCollider:
  m_ObjectHideFlags: 0
  m_PrefabParentObject: {fileID: 0}
  m_PrefabInternal: {fileID: 0}
  m_GameObject: {fileID: 136266449}
  m_Material: {fileID: 0}
  m_IsTrigger: 0
  m_Enabled: 1
  serializedVersion: 2
  m_Size: {x: 4.28866863, y: 4.68090439, z: 1}
  m_Center: {x: .805537224, y: 1.8404541, z: 0}
--- !u!1 &368964203
GameObject:
  m_ObjectHideFlags: 0
  m_PrefabParentObject: {fileID: 0}
  m_PrefabInternal: {fileID: 0}
  serializedVersion: 4
  m_Component:
  - 4: {fileID: 368964207}
  - 33: {fileID: 368964206}
  - 64: {fileID: 368964205}
  - 23: {fileID: 368964204}
  m_Layer: 0
  m_Name: DoorBack
  m_TagString: Untagged
  m_Icon: {fileID: 0}
  m_NavMeshLayer: 0
  m_StaticEditorFlags: 0
  m_IsActive: 1
--- !u!23 &368964204
MeshRenderer:
  m_ObjectHideFlags: 0
  m_PrefabParentObject: {fileID: 0}
  m_PrefabInternal: {fileID: 0}
  m_GameObject: {fileID: 368964203}
  m_Enabled: 1
  m_CastShadows: 1
  m_ReceiveShadows: 1
  m_Materials:
  - {fileID: 2100000, guid: d5ecbbbb278b34217af3dd7252a1b3af, type: 2}
  m_SubsetIndices: 
  m_StaticBatchRoot: {fileID: 0}
  m_UseLightProbes: 1
  m_ReflectionProbeUsage: 1
  m_ProbeAnchor: {fileID: 0}
  m_ScaleInLightmap: 1
  m_PreserveUVs: 1
  m_ImportantGI: 0
  m_AutoUVMaxDistance: .5
  m_AutoUVMaxAngle: 89
  m_LightmapParameters: {fileID: 0}
  m_SortingLayerID: 0
  m_SortingOrder: 0
--- !u!64 &368964205
MeshCollider:
  m_ObjectHideFlags: 0
  m_PrefabParentObject: {fileID: 0}
  m_PrefabInternal: {fileID: 0}
  m_GameObject: {fileID: 368964203}
  m_Material: {fileID: 0}
  m_IsTrigger: 0
  m_Enabled: 0
  serializedVersion: 2
  m_Convex: 0
  m_Mesh: {fileID: 10209, guid: 0000000000000000e000000000000000, type: 0}
--- !u!33 &368964206
MeshFilter:
  m_ObjectHideFlags: 0
  m_PrefabParentObject: {fileID: 0}
  m_PrefabInternal: {fileID: 0}
  m_GameObject: {fileID: 368964203}
  m_Mesh: {fileID: 10209, guid: 0000000000000000e000000000000000, type: 0}
--- !u!4 &368964207
Transform:
  m_ObjectHideFlags: 0
  m_PrefabParentObject: {fileID: 0}
  m_PrefabInternal: {fileID: 0}
  m_GameObject: {fileID: 368964203}
  m_LocalRotation: {x: -8.14603496e-08, y: .866025388, z: -.50000006, w: -1.41093452e-07}
  m_LocalPosition: {x: -4.53000021, y: -20.6900005, z: 25.0400009}
  m_LocalScale: {x: .550250411, y: .550249875, z: .722513318}
  m_Children:
  - {fileID: 136266450}
  m_Father: {fileID: 0}
  m_RootOrder: 11
--- !u!1001 &424038794
Prefab:
  m_ObjectHideFlags: 0
  serializedVersion: 2
  m_Modification:
    m_TransformParent: {fileID: 0}
    m_Modifications:
    - target: {fileID: 421788, guid: c40d6517d91334e82b6c065b6a2078c3, type: 2}
      propertyPath: m_LocalPosition.x
      value: -12.6899996
      objectReference: {fileID: 0}
    - target: {fileID: 421788, guid: c40d6517d91334e82b6c065b6a2078c3, type: 2}
      propertyPath: m_LocalPosition.y
      value: -20.1499996
      objectReference: {fileID: 0}
    - target: {fileID: 421788, guid: c40d6517d91334e82b6c065b6a2078c3, type: 2}
      propertyPath: m_LocalPosition.z
      value: 24.3099995
      objectReference: {fileID: 0}
    - target: {fileID: 421788, guid: c40d6517d91334e82b6c065b6a2078c3, type: 2}
      propertyPath: m_LocalRotation.x
      value: 0
      objectReference: {fileID: 0}
    - target: {fileID: 421788, guid: c40d6517d91334e82b6c065b6a2078c3, type: 2}
      propertyPath: m_LocalRotation.y
      value: 0
      objectReference: {fileID: 0}
    - target: {fileID: 421788, guid: c40d6517d91334e82b6c065b6a2078c3, type: 2}
      propertyPath: m_LocalRotation.z
      value: 0
      objectReference: {fileID: 0}
    - target: {fileID: 421788, guid: c40d6517d91334e82b6c065b6a2078c3, type: 2}
      propertyPath: m_LocalRotation.w
      value: 1
      objectReference: {fileID: 0}
    - target: {fileID: 421788, guid: c40d6517d91334e82b6c065b6a2078c3, type: 2}
      propertyPath: m_RootOrder
      value: 0
      objectReference: {fileID: 0}
    - target: {fileID: 194120, guid: c40d6517d91334e82b6c065b6a2078c3, type: 2}
      propertyPath: m_IsActive
      value: 1
      objectReference: {fileID: 0}
    m_RemovedComponents: []
  m_ParentPrefab: {fileID: 100100000, guid: c40d6517d91334e82b6c065b6a2078c3, type: 2}
  m_IsPrefabParent: 0
--- !u!1 &443517703
GameObject:
  m_ObjectHideFlags: 0
  m_PrefabParentObject: {fileID: 0}
  m_PrefabInternal: {fileID: 0}
  serializedVersion: 4
  m_Component:
  - 4: {fileID: 443517704}
  - 65: {fileID: 443517705}
  m_Layer: 0
  m_Name: GameObject 1
  m_TagString: Untagged
  m_Icon: {fileID: 0}
  m_NavMeshLayer: 0
  m_StaticEditorFlags: 0
  m_IsActive: 1
--- !u!4 &443517704
Transform:
  m_ObjectHideFlags: 0
  m_PrefabParentObject: {fileID: 0}
  m_PrefabInternal: {fileID: 0}
  m_GameObject: {fileID: 443517703}
  m_LocalRotation: {x: 8.14603496e-08, y: -.866025388, z: .50000006, w: -1.41093452e-07}
  m_LocalPosition: {x: 1.36301911, y: .861803472, z: 3.73508787}
  m_LocalScale: {x: 1.81735444, y: 1.49238205, z: 1.70903122}
  m_Children: []
  m_Father: {fileID: 1810788476}
  m_RootOrder: 0
--- !u!65 &443517705
BoxCollider:
  m_ObjectHideFlags: 0
  m_PrefabParentObject: {fileID: 0}
  m_PrefabInternal: {fileID: 0}
  m_GameObject: {fileID: 443517703}
  m_Material: {fileID: 0}
  m_IsTrigger: 0
  m_Enabled: 1
  serializedVersion: 2
  m_Size: {x: 4.28866863, y: 4.68090439, z: 1}
  m_Center: {x: .805537224, y: 1.8404541, z: 0}
--- !u!1 &568240381
GameObject:
  m_ObjectHideFlags: 0
  m_PrefabParentObject: {fileID: 0}
  m_PrefabInternal: {fileID: 0}
  serializedVersion: 4
  m_Component:
  - 4: {fileID: 568240385}
  - 33: {fileID: 568240384}
  - 64: {fileID: 568240383}
  - 23: {fileID: 568240382}
  m_Layer: 0
  m_Name: left wall
  m_TagString: Untagged
  m_Icon: {fileID: 0}
  m_NavMeshLayer: 0
  m_StaticEditorFlags: 0
  m_IsActive: 1
--- !u!23 &568240382
MeshRenderer:
  m_ObjectHideFlags: 0
  m_PrefabParentObject: {fileID: 0}
  m_PrefabInternal: {fileID: 0}
  m_GameObject: {fileID: 568240381}
  m_Enabled: 1
  m_CastShadows: 1
  m_ReceiveShadows: 1
  m_Materials:
  - {fileID: 2100000, guid: 636d93e18720d4d7ebed63bff23513bf, type: 2}
  m_SubsetIndices: 
  m_StaticBatchRoot: {fileID: 0}
  m_UseLightProbes: 1
  m_ReflectionProbeUsage: 1
  m_ProbeAnchor: {fileID: 0}
  m_ScaleInLightmap: 1
  m_PreserveUVs: 1
  m_ImportantGI: 0
  m_AutoUVMaxDistance: .5
  m_AutoUVMaxAngle: 89
  m_LightmapParameters: {fileID: 0}
  m_SortingLayerID: 0
  m_SortingOrder: 0
--- !u!64 &568240383
MeshCollider:
  m_ObjectHideFlags: 0
  m_PrefabParentObject: {fileID: 0}
  m_PrefabInternal: {fileID: 0}
  m_GameObject: {fileID: 568240381}
  m_Material: {fileID: 0}
  m_IsTrigger: 0
  m_Enabled: 1
  serializedVersion: 2
  m_Convex: 0
  m_Mesh: {fileID: 10209, guid: 0000000000000000e000000000000000, type: 0}
--- !u!33 &568240384
MeshFilter:
  m_ObjectHideFlags: 0
  m_PrefabParentObject: {fileID: 0}
  m_PrefabInternal: {fileID: 0}
  m_GameObject: {fileID: 568240381}
  m_Mesh: {fileID: 10209, guid: 0000000000000000e000000000000000, type: 0}
--- !u!4 &568240385
Transform:
  m_ObjectHideFlags: 0
  m_PrefabParentObject: {fileID: 0}
  m_PrefabInternal: {fileID: 0}
  m_GameObject: {fileID: 568240381}
  m_LocalRotation: {x: 0, y: 0, z: -.707106829, w: .707106709}
  m_LocalPosition: {x: -21.1000004, y: -13.6999998, z: 25.1000004}
  m_LocalScale: {x: 1.55290639, y: 1.55290616, z: 1.55290616}
  m_Children: []
  m_Father: {fileID: 0}
  m_RootOrder: 5
--- !u!1 &570530262
GameObject:
  m_ObjectHideFlags: 0
  m_PrefabParentObject: {fileID: 0}
  m_PrefabInternal: {fileID: 0}
  serializedVersion: 4
  m_Component:
  - 4: {fileID: 570530264}
  - 108: {fileID: 570530263}
  m_Layer: 0
  m_Name: Directional Light
  m_TagString: Untagged
  m_Icon: {fileID: 0}
  m_NavMeshLayer: 0
  m_StaticEditorFlags: 0
  m_IsActive: 1
--- !u!108 &570530263
Light:
  m_ObjectHideFlags: 0
  m_PrefabParentObject: {fileID: 0}
  m_PrefabInternal: {fileID: 0}
  m_GameObject: {fileID: 570530262}
  m_Enabled: 1
  serializedVersion: 6
  m_Type: 1
  m_Color: {r: 1, g: .956862748, b: .839215696, a: 1}
  m_Intensity: 1
  m_Range: 10
  m_SpotAngle: 30
  m_CookieSize: 10
  m_Shadows:
    m_Type: 0
    m_Resolution: -1
    m_Strength: 1
    m_Bias: .0500000007
    m_NormalBias: .400000006
  m_Cookie: {fileID: 0}
  m_DrawHalo: 0
  m_Flare: {fileID: 0}
  m_RenderMode: 0
  m_CullingMask:
    serializedVersion: 2
    m_Bits: 4294967295
  m_Lightmapping: 4
  m_BounceIntensity: 1
  m_ShadowRadius: 0
  m_ShadowAngle: 0
  m_AreaSize: {x: 1, y: 1}
--- !u!4 &570530264
Transform:
  m_ObjectHideFlags: 0
  m_PrefabParentObject: {fileID: 0}
  m_PrefabInternal: {fileID: 0}
  m_GameObject: {fileID: 570530262}
  m_LocalRotation: {x: .398724884, y: -.134112626, z: .495935678, w: .75965786}
  m_LocalPosition: {x: 0, y: 3, z: 0}
  m_LocalScale: {x: 1, y: 1, z: 1}
  m_Children: []
  m_Father: {fileID: 0}
  m_RootOrder: 8
--- !u!1001 &604864023
Prefab:
  m_ObjectHideFlags: 0
  serializedVersion: 2
  m_Modification:
    m_TransformParent: {fileID: 0}
    m_Modifications:
    - target: {fileID: 482098, guid: d75df507e18b64ec3961c12a0889c9a1, type: 2}
      propertyPath: m_LocalPosition.x
      value: -18.5300007
      objectReference: {fileID: 0}
    - target: {fileID: 482098, guid: d75df507e18b64ec3961c12a0889c9a1, type: 2}
      propertyPath: m_LocalPosition.y
      value: -20.0499992
      objectReference: {fileID: 0}
    - target: {fileID: 482098, guid: d75df507e18b64ec3961c12a0889c9a1, type: 2}
      propertyPath: m_LocalPosition.z
      value: 19.4300003
      objectReference: {fileID: 0}
    - target: {fileID: 482098, guid: d75df507e18b64ec3961c12a0889c9a1, type: 2}
      propertyPath: m_LocalRotation.x
      value: 8.3046878e-05
      objectReference: {fileID: 0}
    - target: {fileID: 482098, guid: d75df507e18b64ec3961c12a0889c9a1, type: 2}
      propertyPath: m_LocalRotation.y
      value: -.965925813
      objectReference: {fileID: 0}
    - target: {fileID: 482098, guid: d75df507e18b64ec3961c12a0889c9a1, type: 2}
      propertyPath: m_LocalRotation.z
      value: .258819073
      objectReference: {fileID: 0}
    - target: {fileID: 482098, guid: d75df507e18b64ec3961c12a0889c9a1, type: 2}
      propertyPath: m_LocalRotation.w
      value: 2.21062746e-05
      objectReference: {fileID: 0}
    - target: {fileID: 482098, guid: d75df507e18b64ec3961c12a0889c9a1, type: 2}
      propertyPath: m_RootOrder
      value: 12
      objectReference: {fileID: 0}
    m_RemovedComponents: []
  m_ParentPrefab: {fileID: 100100000, guid: d75df507e18b64ec3961c12a0889c9a1, type: 2}
  m_IsPrefabParent: 0
--- !u!1001 &723905302
Prefab:
  m_ObjectHideFlags: 0
  serializedVersion: 2
  m_Modification:
    m_TransformParent: {fileID: 0}
    m_Modifications:
    - target: {fileID: 482098, guid: d75df507e18b64ec3961c12a0889c9a1, type: 2}
      propertyPath: m_LocalPosition.x
      value: -14.9700003
      objectReference: {fileID: 0}
    - target: {fileID: 482098, guid: d75df507e18b64ec3961c12a0889c9a1, type: 2}
      propertyPath: m_LocalPosition.y
      value: -20.0499992
      objectReference: {fileID: 0}
    - target: {fileID: 482098, guid: d75df507e18b64ec3961c12a0889c9a1, type: 2}
      propertyPath: m_LocalPosition.z
      value: 29.4699993
      objectReference: {fileID: 0}
    - target: {fileID: 482098, guid: d75df507e18b64ec3961c12a0889c9a1, type: 2}
      propertyPath: m_LocalRotation.x
      value: 8.3046878e-05
      objectReference: {fileID: 0}
    - target: {fileID: 482098, guid: d75df507e18b64ec3961c12a0889c9a1, type: 2}
      propertyPath: m_LocalRotation.y
      value: -.965925813
      objectReference: {fileID: 0}
    - target: {fileID: 482098, guid: d75df507e18b64ec3961c12a0889c9a1, type: 2}
      propertyPath: m_LocalRotation.z
      value: .258819073
      objectReference: {fileID: 0}
    - target: {fileID: 482098, guid: d75df507e18b64ec3961c12a0889c9a1, type: 2}
      propertyPath: m_LocalRotation.w
      value: 2.21062746e-05
      objectReference: {fileID: 0}
    - target: {fileID: 482098, guid: d75df507e18b64ec3961c12a0889c9a1, type: 2}
      propertyPath: m_RootOrder
      value: 2
      objectReference: {fileID: 0}
    - target: {fileID: 198574, guid: d75df507e18b64ec3961c12a0889c9a1, type: 2}
      propertyPath: m_Name
      value: bed 2
      objectReference: {fileID: 0}
    m_RemovedComponents: []
  m_ParentPrefab: {fileID: 100100000, guid: d75df507e18b64ec3961c12a0889c9a1, type: 2}
  m_IsPrefabParent: 0
--- !u!1 &1016691500
GameObject:
  m_ObjectHideFlags: 0
  m_PrefabParentObject: {fileID: 0}
  m_PrefabInternal: {fileID: 0}
  serializedVersion: 4
  m_Component:
  - 4: {fileID: 1016691504}
  - 33: {fileID: 1016691503}
  - 65: {fileID: 1016691502}
  - 23: {fileID: 1016691501}
  - 114: {fileID: 1016691505}
  m_Layer: 0
  m_Name: EnterNextRoom
  m_TagString: Untagged
  m_Icon: {fileID: 0}
  m_NavMeshLayer: 0
  m_StaticEditorFlags: 0
  m_IsActive: 1
--- !u!23 &1016691501
MeshRenderer:
  m_ObjectHideFlags: 0
  m_PrefabParentObject: {fileID: 0}
  m_PrefabInternal: {fileID: 0}
  m_GameObject: {fileID: 1016691500}
  m_Enabled: 0
  m_CastShadows: 1
  m_ReceiveShadows: 1
  m_Materials:
  - {fileID: 10303, guid: 0000000000000000f000000000000000, type: 0}
  m_SubsetIndices: 
  m_StaticBatchRoot: {fileID: 0}
  m_UseLightProbes: 1
  m_ReflectionProbeUsage: 1
  m_ProbeAnchor: {fileID: 0}
  m_ScaleInLightmap: 1
  m_PreserveUVs: 1
  m_ImportantGI: 0
  m_AutoUVMaxDistance: .5
  m_AutoUVMaxAngle: 89
  m_LightmapParameters: {fileID: 0}
  m_SortingLayerID: 0
  m_SortingOrder: 0
--- !u!65 &1016691502
BoxCollider:
  m_ObjectHideFlags: 0
  m_PrefabParentObject: {fileID: 0}
  m_PrefabInternal: {fileID: 0}
  m_GameObject: {fileID: 1016691500}
  m_Material: {fileID: 0}
  m_IsTrigger: 1
  m_Enabled: 1
  serializedVersion: 2
  m_Size: {x: 1, y: 1, z: 1}
  m_Center: {x: 0, y: 0, z: 0}
--- !u!33 &1016691503
MeshFilter:
  m_ObjectHideFlags: 0
  m_PrefabParentObject: {fileID: 0}
  m_PrefabInternal: {fileID: 0}
  m_GameObject: {fileID: 1016691500}
  m_Mesh: {fileID: 10202, guid: 0000000000000000e000000000000000, type: 0}
--- !u!4 &1016691504
Transform:
  m_ObjectHideFlags: 0
  m_PrefabParentObject: {fileID: 0}
  m_PrefabInternal: {fileID: 0}
  m_GameObject: {fileID: 1016691500}
  m_LocalRotation: {x: 0, y: 0, z: 0, w: 1}
  m_LocalPosition: {x: -3.75, y: -20.2600002, z: 22.4599991}
  m_LocalScale: {x: 1, y: 1.33426821, z: 3.51134157}
  m_Children: []
  m_Father: {fileID: 0}
  m_RootOrder: 13
--- !u!114 &1016691505
MonoBehaviour:
  m_ObjectHideFlags: 0
  m_PrefabParentObject: {fileID: 0}
  m_PrefabInternal: {fileID: 0}
  m_GameObject: {fileID: 1016691500}
  m_Enabled: 1
  m_EditorHideFlags: 0
  m_Script: {fileID: 11500000, guid: 1b46ef071f1734e3c838077c5337ecb6, type: 3}
  m_Name: 
  m_EditorClassIdentifier: 
--- !u!1 &1215390357
GameObject:
  m_ObjectHideFlags: 0
  m_PrefabParentObject: {fileID: 0}
  m_PrefabInternal: {fileID: 0}
  serializedVersion: 4
  m_Component:
  - 4: {fileID: 1215390362}
  - 20: {fileID: 1215390361}
  - 92: {fileID: 1215390360}
  - 124: {fileID: 1215390359}
  - 81: {fileID: 1215390358}
  m_Layer: 0
  m_Name: Main Camera
  m_TagString: MainCamera
  m_Icon: {fileID: 0}
  m_NavMeshLayer: 0
  m_StaticEditorFlags: 0
  m_IsActive: 1
--- !u!81 &1215390358
AudioListener:
  m_ObjectHideFlags: 0
  m_PrefabParentObject: {fileID: 0}
  m_PrefabInternal: {fileID: 0}
  m_GameObject: {fileID: 1215390357}
  m_Enabled: 1
--- !u!124 &1215390359
Behaviour:
  m_ObjectHideFlags: 0
  m_PrefabParentObject: {fileID: 0}
  m_PrefabInternal: {fileID: 0}
  m_GameObject: {fileID: 1215390357}
  m_Enabled: 1
--- !u!92 &1215390360
Behaviour:
  m_ObjectHideFlags: 0
  m_PrefabParentObject: {fileID: 0}
  m_PrefabInternal: {fileID: 0}
  m_GameObject: {fileID: 1215390357}
  m_Enabled: 1
--- !u!20 &1215390361
Camera:
  m_ObjectHideFlags: 0
  m_PrefabParentObject: {fileID: 0}
  m_PrefabInternal: {fileID: 0}
  m_GameObject: {fileID: 1215390357}
  m_Enabled: 1
  serializedVersion: 2
  m_ClearFlags: 2
  m_BackGroundColor: {r: 0, g: 0, b: 0, a: .0196078438}
  m_NormalizedViewPortRect:
    serializedVersion: 2
    x: 0
    y: 0
    width: 1
    height: 1
  near clip plane: .300000012
  far clip plane: 1000
  field of view: 18
  orthographic: 0
  orthographic size: 5
  m_Depth: -1
  m_CullingMask:
    serializedVersion: 2
    m_Bits: 4294967295
  m_RenderingPath: -1
  m_TargetTexture: {fileID: 0}
  m_TargetDisplay: 0
  m_HDR: 0
  m_OcclusionCulling: 1
  m_StereoConvergence: 10
  m_StereoSeparation: .0219999999
--- !u!4 &1215390362
Transform:
  m_ObjectHideFlags: 0
  m_PrefabParentObject: {fileID: 0}
  m_PrefabInternal: {fileID: 0}
  m_GameObject: {fileID: 1215390357}
  m_LocalRotation: {x: .258819073, y: 0, z: 0, w: .965925813}
  m_LocalPosition: {x: -11.6400003, y: 1, z: -10}
  m_LocalScale: {x: 1, y: 1, z: 1}
  m_Children: []
  m_Father: {fileID: 0}
  m_RootOrder: 7
--- !u!1001 &1380686081
Prefab:
  m_ObjectHideFlags: 0
  serializedVersion: 2
  m_Modification:
    m_TransformParent: {fileID: 0}
    m_Modifications:
    - target: {fileID: 411956, guid: fd8cca02b3d0d41e8ac91861c9d282a7, type: 2}
      propertyPath: m_LocalPosition.x
      value: -14.4200001
      objectReference: {fileID: 0}
    - target: {fileID: 411956, guid: fd8cca02b3d0d41e8ac91861c9d282a7, type: 2}
      propertyPath: m_LocalPosition.y
      value: -20.2900009
      objectReference: {fileID: 0}
    - target: {fileID: 411956, guid: fd8cca02b3d0d41e8ac91861c9d282a7, type: 2}
      propertyPath: m_LocalPosition.z
      value: 20.7600002
      objectReference: {fileID: 0}
    - target: {fileID: 411956, guid: fd8cca02b3d0d41e8ac91861c9d282a7, type: 2}
      propertyPath: m_LocalRotation.x
      value: 0
      objectReference: {fileID: 0}
    - target: {fileID: 411956, guid: fd8cca02b3d0d41e8ac91861c9d282a7, type: 2}
      propertyPath: m_LocalRotation.y
      value: 0
      objectReference: {fileID: 0}
    - target: {fileID: 411956, guid: fd8cca02b3d0d41e8ac91861c9d282a7, type: 2}
      propertyPath: m_LocalRotation.z
      value: 0
      objectReference: {fileID: 0}
    - target: {fileID: 411956, guid: fd8cca02b3d0d41e8ac91861c9d282a7, type: 2}
      propertyPath: m_LocalRotation.w
      value: 1
      objectReference: {fileID: 0}
    - target: {fileID: 411956, guid: fd8cca02b3d0d41e8ac91861c9d282a7, type: 2}
      propertyPath: m_RootOrder
      value: 1
      objectReference: {fileID: 0}
    m_RemovedComponents: []
  m_ParentPrefab: {fileID: 100100000, guid: fd8cca02b3d0d41e8ac91861c9d282a7, type: 2}
  m_IsPrefabParent: 0
--- !u!1 &1492840583
GameObject:
  m_ObjectHideFlags: 0
  m_PrefabParentObject: {fileID: 0}
  m_PrefabInternal: {fileID: 0}
  serializedVersion: 4
  m_Component:
  - 4: {fileID: 1492840587}
  - 33: {fileID: 1492840586}
  - 64: {fileID: 1492840585}
  - 23: {fileID: 1492840584}
  m_Layer: 0
  m_Name: floor
  m_TagString: Floor
  m_Icon: {fileID: 0}
  m_NavMeshLayer: 0
  m_StaticEditorFlags: 0
  m_IsActive: 1
--- !u!23 &1492840584
MeshRenderer:
  m_ObjectHideFlags: 0
  m_PrefabParentObject: {fileID: 0}
  m_PrefabInternal: {fileID: 0}
  m_GameObject: {fileID: 1492840583}
  m_Enabled: 1
  m_CastShadows: 1
  m_ReceiveShadows: 1
  m_Materials:
  - {fileID: 2100000, guid: 09bf8ae4601244bff9d5bc82fb9ef341, type: 2}
  m_SubsetIndices: 
  m_StaticBatchRoot: {fileID: 0}
  m_UseLightProbes: 1
  m_ReflectionProbeUsage: 1
  m_ProbeAnchor: {fileID: 0}
  m_ScaleInLightmap: 1
  m_PreserveUVs: 1
  m_ImportantGI: 0
  m_AutoUVMaxDistance: .5
  m_AutoUVMaxAngle: 89
  m_LightmapParameters: {fileID: 0}
  m_SortingLayerID: 0
  m_SortingOrder: 0
--- !u!64 &1492840585
MeshCollider:
  m_ObjectHideFlags: 0
  m_PrefabParentObject: {fileID: 0}
  m_PrefabInternal: {fileID: 0}
  m_GameObject: {fileID: 1492840583}
  m_Material: {fileID: 0}
  m_IsTrigger: 0
  m_Enabled: 1
  serializedVersion: 2
  m_Convex: 0
  m_Mesh: {fileID: 10209, guid: 0000000000000000e000000000000000, type: 0}
--- !u!33 &1492840586
MeshFilter:
  m_ObjectHideFlags: 0
  m_PrefabParentObject: {fileID: 0}
  m_PrefabInternal: {fileID: 0}
  m_GameObject: {fileID: 1492840583}
  m_Mesh: {fileID: 10209, guid: 0000000000000000e000000000000000, type: 0}
--- !u!4 &1492840587
Transform:
  m_ObjectHideFlags: 0
  m_PrefabParentObject: {fileID: 0}
  m_PrefabInternal: {fileID: 0}
  m_GameObject: {fileID: 1492840583}
  m_LocalRotation: {x: 0, y: 1, z: 0, w: -1.62920685e-07}
  m_LocalPosition: {x: -11.6000004, y: -21.3999996, z: 24.8999996}
  m_LocalScale: {x: 1.8881278, y: 7.24195528, z: 1.53331125}
  m_Children: []
  m_Father: {fileID: 0}
  m_RootOrder: 9
--- !u!1 &1810788472
GameObject:
  m_ObjectHideFlags: 0
  m_PrefabParentObject: {fileID: 0}
  m_PrefabInternal: {fileID: 0}
  serializedVersion: 4
  m_Component:
  - 4: {fileID: 1810788476}
  - 33: {fileID: 1810788475}
  - 64: {fileID: 1810788474}
  - 23: {fileID: 1810788473}
  m_Layer: 0
  m_Name: Door
  m_TagString: Untagged
  m_Icon: {fileID: 0}
  m_NavMeshLayer: 0
  m_StaticEditorFlags: 0
  m_IsActive: 1
--- !u!23 &1810788473
MeshRenderer:
  m_ObjectHideFlags: 0
  m_PrefabParentObject: {fileID: 0}
  m_PrefabInternal: {fileID: 0}
  m_GameObject: {fileID: 1810788472}
  m_Enabled: 1
  m_CastShadows: 1
  m_ReceiveShadows: 1
  m_Materials:
  - {fileID: 2100000, guid: 21ff31d40d3fe4073bace93a7a6f0635, type: 2}
  m_SubsetIndices: 
  m_StaticBatchRoot: {fileID: 0}
  m_UseLightProbes: 1
  m_ReflectionProbeUsage: 1
  m_ProbeAnchor: {fileID: 0}
  m_ScaleInLightmap: 1
  m_PreserveUVs: 1
  m_ImportantGI: 0
  m_AutoUVMaxDistance: .5
  m_AutoUVMaxAngle: 89
  m_LightmapParameters: {fileID: 0}
  m_SortingLayerID: 0
  m_SortingOrder: 0
--- !u!64 &1810788474
MeshCollider:
  m_ObjectHideFlags: 0
  m_PrefabParentObject: {fileID: 0}
  m_PrefabInternal: {fileID: 0}
  m_GameObject: {fileID: 1810788472}
  m_Material: {fileID: 0}
  m_IsTrigger: 0
  m_Enabled: 0
  serializedVersion: 2
  m_Convex: 0
  m_Mesh: {fileID: 10209, guid: 0000000000000000e000000000000000, type: 0}
--- !u!33 &1810788475
MeshFilter:
  m_ObjectHideFlags: 0
  m_PrefabParentObject: {fileID: 0}
  m_PrefabInternal: {fileID: 0}
  m_GameObject: {fileID: 1810788472}
  m_Mesh: {fileID: 10209, guid: 0000000000000000e000000000000000, type: 0}
--- !u!4 &1810788476
Transform:
  m_ObjectHideFlags: 0
  m_PrefabParentObject: {fileID: 0}
  m_PrefabInternal: {fileID: 0}
  m_GameObject: {fileID: 1810788472}
  m_LocalRotation: {x: -8.14603496e-08, y: .866025388, z: -.50000006, w: -1.41093452e-07}
  m_LocalPosition: {x: -5.03000021, y: -18.3700008, z: 21.3400002}
  m_LocalScale: {x: .550250411, y: .550249875, z: .722513318}
  m_Children:
  - {fileID: 443517704}
  m_Father: {fileID: 0}
  m_RootOrder: 4
--- !u!1 &1980164264
GameObject:
  m_ObjectHideFlags: 0
  m_PrefabParentObject: {fileID: 0}
  m_PrefabInternal: {fileID: 0}
  serializedVersion: 4
  m_Component:
  - 4: {fileID: 1980164266}
  - 65: {fileID: 1980164265}
  m_Layer: 0
  m_Name: GameObject
  m_TagString: Untagged
  m_Icon: {fileID: 0}
  m_NavMeshLayer: 0
  m_StaticEditorFlags: 0
  m_IsActive: 1
--- !u!65 &1980164265
BoxCollider:
  m_ObjectHideFlags: 0
  m_PrefabParentObject: {fileID: 0}
  m_PrefabInternal: {fileID: 0}
  m_GameObject: {fileID: 1980164264}
  m_Material: {fileID: 0}
  m_IsTrigger: 0
  m_Enabled: 1
  serializedVersion: 2
  m_Size: {x: 23.0800056, y: 15.9674683, z: 1}
  m_Center: {x: 6.03524208, y: 7.48373222, z: 0}
--- !u!4 &1980164266
Transform:
  m_ObjectHideFlags: 0
  m_PrefabParentObject: {fileID: 0}
  m_PrefabInternal: {fileID: 0}
  m_GameObject: {fileID: 1980164264}
  m_LocalRotation: {x: 0, y: 0, z: 0, w: 1}
  m_LocalPosition: {x: -15.5900002, y: -21.1499996, z: 16.8899994}
  m_LocalScale: {x: 1, y: 1, z: 1}
  m_Children: []
  m_Father: {fileID: 0}
  m_RootOrder: 14
--- !u!1 &2068425841
GameObject:
  m_ObjectHideFlags: 0
  m_PrefabParentObject: {fileID: 0}
  m_PrefabInternal: {fileID: 0}
  serializedVersion: 4
  m_Component:
  - 4: {fileID: 2068425845}
  - 33: {fileID: 2068425844}
  - 64: {fileID: 2068425843}
  - 23: {fileID: 2068425842}
  m_Layer: 0
  m_Name: right wall
  m_TagString: Untagged
  m_Icon: {fileID: 0}
  m_NavMeshLayer: 0
  m_StaticEditorFlags: 0
  m_IsActive: 1
--- !u!23 &2068425842
MeshRenderer:
  m_ObjectHideFlags: 0
  m_PrefabParentObject: {fileID: 0}
  m_PrefabInternal: {fileID: 0}
  m_GameObject: {fileID: 2068425841}
  m_Enabled: 1
  m_CastShadows: 1
  m_ReceiveShadows: 1
  m_Materials:
  - {fileID: 2100000, guid: 5aa3e3f9a433c4b5aaafb86bb958cf2a, type: 2}
  m_SubsetIndices: 
  m_StaticBatchRoot: {fileID: 0}
  m_UseLightProbes: 1
  m_ReflectionProbeUsage: 1
  m_ProbeAnchor: {fileID: 0}
  m_ScaleInLightmap: 1
  m_PreserveUVs: 1
  m_ImportantGI: 0
  m_AutoUVMaxDistance: .5
  m_AutoUVMaxAngle: 89
  m_LightmapParameters: {fileID: 0}
  m_SortingLayerID: 0
  m_SortingOrder: 0
--- !u!64 &2068425843
MeshCollider:
  m_ObjectHideFlags: 0
  m_PrefabParentObject: {fileID: 0}
  m_PrefabInternal: {fileID: 0}
  m_GameObject: {fileID: 2068425841}
  m_Material: {fileID: 0}
  m_IsTrigger: 0
  m_Enabled: 1
  serializedVersion: 2
  m_Convex: 0
  m_Mesh: {fileID: 10209, guid: 0000000000000000e000000000000000, type: 0}
--- !u!33 &2068425844
MeshFilter:
  m_ObjectHideFlags: 0
  m_PrefabParentObject: {fileID: 0}
  m_PrefabInternal: {fileID: 0}
  m_GameObject: {fileID: 2068425841}
  m_Mesh: {fileID: 10209, guid: 0000000000000000e000000000000000, type: 0}
--- !u!4 &2068425845
Transform:
  m_ObjectHideFlags: 0
  m_PrefabParentObject: {fileID: 0}
  m_PrefabInternal: {fileID: 0}
  m_GameObject: {fileID: 2068425841}
  m_LocalRotation: {x: .50238061, y: -.50238061, z: .497608095, w: .497607976}
  m_LocalPosition: {x: -2.29999995, y: -13.6999998, z: 25.1000004}
  m_LocalScale: {x: 1.55290639, y: 1.55290616, z: 1.55290616}
  m_Children: []
  m_Father: {fileID: 0}
  m_RootOrder: 10
--- !u!1001 &2071068584
Prefab:
  m_ObjectHideFlags: 0
  serializedVersion: 2
  m_Modification:
    m_TransformParent: {fileID: 0}
    m_Modifications:
    - target: {fileID: 482098, guid: d75df507e18b64ec3961c12a0889c9a1, type: 2}
      propertyPath: m_LocalPosition.x
      value: -16.7700005
      objectReference: {fileID: 0}
    - target: {fileID: 482098, guid: d75df507e18b64ec3961c12a0889c9a1, type: 2}
      propertyPath: m_LocalPosition.y
      value: -20.0499992
      objectReference: {fileID: 0}
    - target: {fileID: 482098, guid: d75df507e18b64ec3961c12a0889c9a1, type: 2}
      propertyPath: m_LocalPosition.z
      value: 24.4300003
      objectReference: {fileID: 0}
    - target: {fileID: 482098, guid: d75df507e18b64ec3961c12a0889c9a1, type: 2}
      propertyPath: m_LocalRotation.x
      value: 8.3046878e-05
      objectReference: {fileID: 0}
    - target: {fileID: 482098, guid: d75df507e18b64ec3961c12a0889c9a1, type: 2}
      propertyPath: m_LocalRotation.y
      value: -.965925813
      objectReference: {fileID: 0}
    - target: {fileID: 482098, guid: d75df507e18b64ec3961c12a0889c9a1, type: 2}
      propertyPath: m_LocalRotation.z
      value: .258819073
      objectReference: {fileID: 0}
    - target: {fileID: 482098, guid: d75df507e18b64ec3961c12a0889c9a1, type: 2}
      propertyPath: m_LocalRotation.w
      value: 2.21062746e-05
      objectReference: {fileID: 0}
    - target: {fileID: 482098, guid: d75df507e18b64ec3961c12a0889c9a1, type: 2}
      propertyPath: m_RootOrder
      value: 3
      objectReference: {fileID: 0}
    - target: {fileID: 198574, guid: d75df507e18b64ec3961c12a0889c9a1, type: 2}
      propertyPath: m_Name
      value: bed 1
      objectReference: {fileID: 0}
    - target: {fileID: 6412772, guid: d75df507e18b64ec3961c12a0889c9a1, type: 2}
      propertyPath: m_Enabled
      value: 0
      objectReference: {fileID: 0}
    - target: {fileID: 485492, guid: d75df507e18b64ec3961c12a0889c9a1, type: 2}
      propertyPath: m_RootOrder
      value: 0
      objectReference: {fileID: 0}
    m_RemovedComponents:
    - {fileID: 0}
  m_ParentPrefab: {fileID: 100100000, guid: d75df507e18b64ec3961c12a0889c9a1, type: 2}
  m_IsPrefabParent: 0
--- !u!1 &2113627045
GameObject:
  m_ObjectHideFlags: 0
  m_PrefabParentObject: {fileID: 0}
  m_PrefabInternal: {fileID: 0}
  serializedVersion: 4
  m_Component:
  - 4: {fileID: 2113627049}
  - 33: {fileID: 2113627048}
  - 64: {fileID: 2113627047}
  - 23: {fileID: 2113627046}
  m_Layer: 0
  m_Name: back wall
  m_TagString: Untagged
  m_Icon: {fileID: 0}
  m_NavMeshLayer: 0
  m_StaticEditorFlags: 0
  m_IsActive: 1
--- !u!23 &2113627046
MeshRenderer:
  m_ObjectHideFlags: 0
  m_PrefabParentObject: {fileID: 0}
  m_PrefabInternal: {fileID: 0}
  m_GameObject: {fileID: 2113627045}
  m_Enabled: 1
  m_CastShadows: 1
  m_ReceiveShadows: 1
  m_Materials:
  - {fileID: 2100000, guid: 1921e445da1f14cc0828c230ec34cb83, type: 2}
  m_SubsetIndices: 
  m_StaticBatchRoot: {fileID: 0}
  m_UseLightProbes: 1
  m_ReflectionProbeUsage: 1
  m_ProbeAnchor: {fileID: 0}
  m_ScaleInLightmap: 1
  m_PreserveUVs: 1
  m_ImportantGI: 0
  m_AutoUVMaxDistance: .5
  m_AutoUVMaxAngle: 89
  m_LightmapParameters: {fileID: 0}
  m_SortingLayerID: 0
  m_SortingOrder: 0
--- !u!64 &2113627047
MeshCollider:
  m_ObjectHideFlags: 0
  m_PrefabParentObject: {fileID: 0}
  m_PrefabInternal: {fileID: 0}
  m_GameObject: {fileID: 2113627045}
  m_Material: {fileID: 0}
  m_IsTrigger: 0
  m_Enabled: 1
  serializedVersion: 2
  m_Convex: 0
  m_Mesh: {fileID: 10209, guid: 0000000000000000e000000000000000, type: 0}
--- !u!33 &2113627048
MeshFilter:
  m_ObjectHideFlags: 0
  m_PrefabParentObject: {fileID: 0}
  m_PrefabInternal: {fileID: 0}
  m_GameObject: {fileID: 2113627045}
  m_Mesh: {fileID: 10209, guid: 0000000000000000e000000000000000, type: 0}
--- !u!4 &2113627049
Transform:
  m_ObjectHideFlags: 0
  m_PrefabParentObject: {fileID: 0}
  m_PrefabInternal: {fileID: 0}
  m_GameObject: {fileID: 2113627045}
  m_LocalRotation: {x: -.00273783552, y: -.707101524, z: .707101464, w: .00273763924}
  m_LocalPosition: {x: -11.6899996, y: -15.0299997, z: 32.6399994}
  m_LocalScale: {x: 1.88413846, y: 1.55290616, z: 1.74309707}
  m_Children: []
  m_Father: {fileID: 0}
  m_RootOrder: 6
