%YAML 1.1
%TAG !u! tag:unity3d.com,2011:
--- !u!29 &1
SceneSettings:
  m_ObjectHideFlags: 0
  m_PVSData: 
  m_PVSObjectsArray: []
  m_PVSPortalsArray: []
  m_OcclusionBakeSettings:
    smallestOccluder: 5
    smallestHole: .25
    backfaceThreshold: 100
--- !u!104 &2
RenderSettings:
  m_ObjectHideFlags: 0
  serializedVersion: 6
  m_Fog: 0
  m_FogColor: {r: .5, g: .5, b: .5, a: 1}
  m_FogMode: 3
  m_FogDensity: .00999999978
  m_LinearFogStart: 0
  m_LinearFogEnd: 300
  m_AmbientSkyColor: {r: .211999997, g: .226999998, b: .259000003, a: 1}
  m_AmbientEquatorColor: {r: .114, g: .125, b: .133000001, a: 1}
  m_AmbientGroundColor: {r: .0469999984, g: .0430000015, b: .0350000001, a: 1}
  m_AmbientIntensity: 1
  m_AmbientMode: 3
  m_SkyboxMaterial: {fileID: 0}
  m_HaloStrength: .5
  m_FlareStrength: 1
  m_FlareFadeSpeed: 3
  m_HaloTexture: {fileID: 0}
  m_SpotCookie: {fileID: 10001, guid: 0000000000000000e000000000000000, type: 0}
  m_DefaultReflectionMode: 0
  m_DefaultReflectionResolution: 128
  m_ReflectionBounces: 1
  m_ReflectionIntensity: 1
  m_CustomReflection: {fileID: 0}
  m_Sun: {fileID: 0}
--- !u!127 &3
LevelGameManager:
  m_ObjectHideFlags: 0
--- !u!157 &4
LightmapSettings:
  m_ObjectHideFlags: 0
  serializedVersion: 5
  m_GIWorkflowMode: 0
  m_LightmapsMode: 1
  m_GISettings:
    serializedVersion: 2
    m_BounceScale: 1
    m_IndirectOutputScale: 1
    m_AlbedoBoost: 1
    m_TemporalCoherenceThreshold: 1
    m_EnvironmentLightingMode: 0
    m_EnableBakedLightmaps: 0
    m_EnableRealtimeLightmaps: 0
  m_LightmapEditorSettings:
    serializedVersion: 3
    m_Resolution: 2
    m_BakeResolution: 40
    m_TextureWidth: 1024
    m_TextureHeight: 1024
    m_AOMaxDistance: 1
    m_Padding: 2
    m_CompAOExponent: 0
    m_LightmapParameters: {fileID: 0}
    m_TextureCompression: 1
    m_FinalGather: 0
    m_FinalGatherRayCount: 1024
  m_LightmapSnapshot: {fileID: 0}
  m_RuntimeCPUUsage: 25
--- !u!196 &5
NavMeshSettings:
  serializedVersion: 2
  m_ObjectHideFlags: 0
  m_BuildSettings:
    serializedVersion: 2
    agentRadius: .5
    agentHeight: 2
    agentSlope: 45
    agentClimb: .400000006
    ledgeDropHeight: 0
    maxJumpAcrossDistance: 0
    accuratePlacement: 0
    minRegionArea: 2
    cellSize: .166666672
    manualCellSize: 0
  m_NavMeshData: {fileID: 0}
--- !u!1001 &29196760
Prefab:
  m_ObjectHideFlags: 0
  serializedVersion: 2
  m_Modification:
    m_TransformParent: {fileID: 0}
    m_Modifications:
    - target: {fileID: 416882, guid: 51f005788834d4c5fb90dceed7e0ec15, type: 2}
      propertyPath: m_LocalPosition.x
      value: 121
      objectReference: {fileID: 0}
    - target: {fileID: 416882, guid: 51f005788834d4c5fb90dceed7e0ec15, type: 2}
      propertyPath: m_LocalPosition.y
      value: 6.0999999
      objectReference: {fileID: 0}
    - target: {fileID: 416882, guid: 51f005788834d4c5fb90dceed7e0ec15, type: 2}
      propertyPath: m_LocalPosition.z
      value: .699999988
      objectReference: {fileID: 0}
    - target: {fileID: 416882, guid: 51f005788834d4c5fb90dceed7e0ec15, type: 2}
      propertyPath: m_LocalRotation.x
      value: 0
      objectReference: {fileID: 0}
    - target: {fileID: 416882, guid: 51f005788834d4c5fb90dceed7e0ec15, type: 2}
      propertyPath: m_LocalRotation.y
      value: 0
      objectReference: {fileID: 0}
    - target: {fileID: 416882, guid: 51f005788834d4c5fb90dceed7e0ec15, type: 2}
      propertyPath: m_LocalRotation.z
      value: 0
      objectReference: {fileID: 0}
    - target: {fileID: 416882, guid: 51f005788834d4c5fb90dceed7e0ec15, type: 2}
      propertyPath: m_LocalRotation.w
      value: 1
      objectReference: {fileID: 0}
    - target: {fileID: 416882, guid: 51f005788834d4c5fb90dceed7e0ec15, type: 2}
      propertyPath: m_RootOrder
      value: 4
      objectReference: {fileID: 0}
    - target: {fileID: 2326230, guid: 51f005788834d4c5fb90dceed7e0ec15, type: 2}
      propertyPath: m_Enabled
      value: 1
      objectReference: {fileID: 0}
    - target: {fileID: 192070, guid: 51f005788834d4c5fb90dceed7e0ec15, type: 2}
      propertyPath: m_TagString
      value: Barrier4
      objectReference: {fileID: 0}
    - target: {fileID: 192070, guid: 51f005788834d4c5fb90dceed7e0ec15, type: 2}
      propertyPath: m_Name
      value: Barrier04
      objectReference: {fileID: 0}
    m_RemovedComponents: []
  m_ParentPrefab: {fileID: 100100000, guid: 51f005788834d4c5fb90dceed7e0ec15, type: 2}
  m_IsPrefabParent: 0
--- !u!1 &227150586
GameObject:
  m_ObjectHideFlags: 0
  m_PrefabParentObject: {fileID: 0}
  m_PrefabInternal: {fileID: 0}
  serializedVersion: 4
  m_Component:
  - 4: {fileID: 227150587}
  - 33: {fileID: 227150590}
  - 65: {fileID: 227150589}
  - 23: {fileID: 227150588}
  m_Layer: 0
  m_Name: PlayerAttackHitBox
  m_TagString: EnemyHitBox
  m_Icon: {fileID: 0}
  m_NavMeshLayer: 0
  m_StaticEditorFlags: 0
  m_IsActive: 0
--- !u!4 &227150587
Transform:
  m_ObjectHideFlags: 0
  m_PrefabParentObject: {fileID: 0}
  m_PrefabInternal: {fileID: 0}
  m_GameObject: {fileID: 227150586}
  m_LocalRotation: {x: 0, y: 0, z: 0, w: 1}
  m_LocalPosition: {x: -.5, y: .0599999987, z: 0}
  m_LocalScale: {x: 1.5, y: .5, z: .800000012}
  m_Children: []
  m_Father: {fileID: 241465074}
  m_RootOrder: 0
--- !u!23 &227150588
MeshRenderer:
  m_ObjectHideFlags: 0
  m_PrefabParentObject: {fileID: 0}
  m_PrefabInternal: {fileID: 0}
  m_GameObject: {fileID: 227150586}
  m_Enabled: 1
  m_CastShadows: 1
  m_ReceiveShadows: 1
  m_Materials:
  - {fileID: 2100000, guid: 1d3aaa4c3487f4e45a391e34915a5b1e, type: 2}
  m_SubsetIndices: 
  m_StaticBatchRoot: {fileID: 0}
  m_UseLightProbes: 1
  m_ReflectionProbeUsage: 1
  m_ProbeAnchor: {fileID: 0}
  m_ScaleInLightmap: 1
  m_PreserveUVs: 1
  m_ImportantGI: 0
  m_AutoUVMaxDistance: .5
  m_AutoUVMaxAngle: 89
  m_LightmapParameters: {fileID: 0}
  m_SortingLayerID: 0
  m_SortingOrder: 0
--- !u!65 &227150589
BoxCollider:
  m_ObjectHideFlags: 0
  m_PrefabParentObject: {fileID: 0}
  m_PrefabInternal: {fileID: 0}
  m_GameObject: {fileID: 227150586}
  m_Material: {fileID: 0}
  m_IsTrigger: 0
  m_Enabled: 1
  serializedVersion: 2
  m_Size: {x: 1, y: 1, z: 1}
  m_Center: {x: 0, y: 0, z: 0}
--- !u!33 &227150590
MeshFilter:
  m_ObjectHideFlags: 0
  m_PrefabParentObject: {fileID: 0}
  m_PrefabInternal: {fileID: 0}
  m_GameObject: {fileID: 227150586}
  m_Mesh: {fileID: 10202, guid: 0000000000000000e000000000000000, type: 0}
--- !u!1 &241465068
GameObject:
  m_ObjectHideFlags: 0
  m_PrefabParentObject: {fileID: 0}
  m_PrefabInternal: {fileID: 0}
  serializedVersion: 4
  m_Component:
  - 4: {fileID: 241465074}
  - 33: {fileID: 241465073}
  - 65: {fileID: 241465072}
  - 23: {fileID: 241465071}
  - 54: {fileID: 241465069}
  - 114: {fileID: 241465075}
  m_Layer: 0
  m_Name: Enemy01
  m_TagString: Enemy
  m_Icon: {fileID: 0}
  m_NavMeshLayer: 0
  m_StaticEditorFlags: 0
  m_IsActive: 0
--- !u!54 &241465069
Rigidbody:
  m_ObjectHideFlags: 0
  m_PrefabParentObject: {fileID: 0}
  m_PrefabInternal: {fileID: 0}
  m_GameObject: {fileID: 241465068}
  serializedVersion: 2
  m_Mass: 1
  m_Drag: 0
  m_AngularDrag: .0500000007
  m_UseGravity: 1
  m_IsKinematic: 0
  m_Interpolate: 0
  m_Constraints: 112
  m_CollisionDetection: 0
--- !u!23 &241465071
MeshRenderer:
  m_ObjectHideFlags: 0
  m_PrefabParentObject: {fileID: 0}
  m_PrefabInternal: {fileID: 0}
  m_GameObject: {fileID: 241465068}
  m_Enabled: 1
  m_CastShadows: 1
  m_ReceiveShadows: 1
  m_Materials:
  - {fileID: 2100000, guid: 2e77239305d494c3fa5a1023f8d9b89f, type: 2}
  m_SubsetIndices: 
  m_StaticBatchRoot: {fileID: 0}
  m_UseLightProbes: 1
  m_ReflectionProbeUsage: 1
  m_ProbeAnchor: {fileID: 0}
  m_ScaleInLightmap: 1
  m_PreserveUVs: 1
  m_ImportantGI: 0
  m_AutoUVMaxDistance: .5
  m_AutoUVMaxAngle: 89
  m_LightmapParameters: {fileID: 0}
  m_SortingLayerID: 0
  m_SortingOrder: 0
--- !u!65 &241465072
BoxCollider:
  m_ObjectHideFlags: 0
  m_PrefabParentObject: {fileID: 0}
  m_PrefabInternal: {fileID: 0}
  m_GameObject: {fileID: 241465068}
  m_Material: {fileID: 0}
  m_IsTrigger: 0
  m_Enabled: 1
  serializedVersion: 2
  m_Size: {x: 1, y: 1, z: 1}
  m_Center: {x: 0, y: 0, z: 0}
--- !u!33 &241465073
MeshFilter:
  m_ObjectHideFlags: 0
  m_PrefabParentObject: {fileID: 0}
  m_PrefabInternal: {fileID: 0}
  m_GameObject: {fileID: 241465068}
  m_Mesh: {fileID: 10202, guid: 0000000000000000e000000000000000, type: 0}
--- !u!4 &241465074
Transform:
  m_ObjectHideFlags: 0
  m_PrefabParentObject: {fileID: 0}
  m_PrefabInternal: {fileID: 0}
  m_GameObject: {fileID: 241465068}
  m_LocalRotation: {x: 0, y: 0, z: 0, w: 1}
  m_LocalPosition: {x: 5.84000015, y: 1, z: 0}
  m_LocalScale: {x: 1, y: 2, z: 1}
  m_Children:
  - {fileID: 227150587}
  m_Father: {fileID: 0}
  m_RootOrder: 13
--- !u!114 &241465075
MonoBehaviour:
  m_ObjectHideFlags: 0
  m_PrefabParentObject: {fileID: 0}
  m_PrefabInternal: {fileID: 0}
  m_GameObject: {fileID: 241465068}
  m_Enabled: 1
  m_EditorHideFlags: 0
  m_Script: {fileID: 11500000, guid: d1eba8884861f4f6081acb2740a82bf6, type: 3}
  m_Name: 
  m_EditorClassIdentifier: 
  isWalking: 0
  isIdle: 0
  maxHp: 0
  proximity: 7.5
  attackHitbox: {fileID: 0}
  canAttackHitbox: {fileID: 0}
  GotHitSound: {fileID: 0}
  MoveSound: {fileID: 0}
  JumpSound: {fileID: 0}
  DeathSound: {fileID: 0}
  anim: {fileID: 0}
  enemySprite: {fileID: 0}
--- !u!1001 &313685417
Prefab:
  m_ObjectHideFlags: 0
  serializedVersion: 2
  m_Modification:
    m_TransformParent: {fileID: 0}
    m_Modifications:
    - target: {fileID: 410878, guid: c9859c25869af489090f4ec03f990781, type: 2}
      propertyPath: m_LocalPosition.x
      value: 1.26999998
      objectReference: {fileID: 0}
    - target: {fileID: 410878, guid: c9859c25869af489090f4ec03f990781, type: 2}
      propertyPath: m_LocalPosition.y
      value: 2.32999992
      objectReference: {fileID: 0}
    - target: {fileID: 410878, guid: c9859c25869af489090f4ec03f990781, type: 2}
      propertyPath: m_LocalPosition.z
      value: -.720000029
      objectReference: {fileID: 0}
    - target: {fileID: 410878, guid: c9859c25869af489090f4ec03f990781, type: 2}
      propertyPath: m_LocalRotation.x
      value: 0
      objectReference: {fileID: 0}
    - target: {fileID: 410878, guid: c9859c25869af489090f4ec03f990781, type: 2}
      propertyPath: m_LocalRotation.y
      value: 0
      objectReference: {fileID: 0}
    - target: {fileID: 410878, guid: c9859c25869af489090f4ec03f990781, type: 2}
      propertyPath: m_LocalRotation.z
      value: 0
      objectReference: {fileID: 0}
    - target: {fileID: 410878, guid: c9859c25869af489090f4ec03f990781, type: 2}
      propertyPath: m_LocalRotation.w
      value: 1
      objectReference: {fileID: 0}
    - target: {fileID: 410878, guid: c9859c25869af489090f4ec03f990781, type: 2}
      propertyPath: m_RootOrder
      value: 6
      objectReference: {fileID: 0}
    m_RemovedComponents: []
  m_ParentPrefab: {fileID: 100100000, guid: c9859c25869af489090f4ec03f990781, type: 2}
  m_IsPrefabParent: 0
--- !u!115 &320041046
MonoScript:
  m_ObjectHideFlags: 0
  m_PrefabParentObject: {fileID: 0}
  m_PrefabInternal: {fileID: 0}
  m_Name: 
  serializedVersion: 4
  m_Script: 
  m_DefaultReferences: {}
  m_Icon: {fileID: 0}
  m_ExecutionOrder: 0
  m_ClassName: Image
  m_Namespace: UnityEngine.UI
  m_AssemblyName: UnityEngine.UI.dll
  m_IsEditorScript: 0
--- !u!1001 &351441853
Prefab:
  m_ObjectHideFlags: 0
  serializedVersion: 2
  m_Modification:
    m_TransformParent: {fileID: 0}
    m_Modifications:
    - target: {fileID: 403600, guid: cf977b9ecda234cff94c5cb650eee95f, type: 2}
      propertyPath: m_LocalPosition.x
      value: -2
      objectReference: {fileID: 0}
    - target: {fileID: 403600, guid: cf977b9ecda234cff94c5cb650eee95f, type: 2}
      propertyPath: m_LocalPosition.y
      value: .610000014
      objectReference: {fileID: 0}
    - target: {fileID: 403600, guid: cf977b9ecda234cff94c5cb650eee95f, type: 2}
      propertyPath: m_LocalPosition.z
      value: -1.15999997
      objectReference: {fileID: 0}
    - target: {fileID: 403600, guid: cf977b9ecda234cff94c5cb650eee95f, type: 2}
      propertyPath: m_LocalRotation.x
      value: 0
      objectReference: {fileID: 0}
    - target: {fileID: 403600, guid: cf977b9ecda234cff94c5cb650eee95f, type: 2}
      propertyPath: m_LocalRotation.y
      value: 0
      objectReference: {fileID: 0}
    - target: {fileID: 403600, guid: cf977b9ecda234cff94c5cb650eee95f, type: 2}
      propertyPath: m_LocalRotation.z
      value: 0
      objectReference: {fileID: 0}
    - target: {fileID: 403600, guid: cf977b9ecda234cff94c5cb650eee95f, type: 2}
      propertyPath: m_LocalRotation.w
      value: 1
      objectReference: {fileID: 0}
    - target: {fileID: 403600, guid: cf977b9ecda234cff94c5cb650eee95f, type: 2}
      propertyPath: m_RootOrder
      value: 3
      objectReference: {fileID: 0}
    m_RemovedComponents: []
  m_ParentPrefab: {fileID: 100100000, guid: cf977b9ecda234cff94c5cb650eee95f, type: 2}
  m_IsPrefabParent: 0
--- !u!1001 &358581636
Prefab:
  m_ObjectHideFlags: 0
  serializedVersion: 2
  m_Modification:
    m_TransformParent: {fileID: 1304672509}
    m_Modifications:
    - target: {fileID: 22459468, guid: c3d394f98ca24405ca5b2901ed806dbb, type: 2}
      propertyPath: m_LocalPosition.x
      value: 0
      objectReference: {fileID: 0}
    - target: {fileID: 22459468, guid: c3d394f98ca24405ca5b2901ed806dbb, type: 2}
      propertyPath: m_LocalPosition.y
      value: 0
      objectReference: {fileID: 0}
    - target: {fileID: 22459468, guid: c3d394f98ca24405ca5b2901ed806dbb, type: 2}
      propertyPath: m_LocalPosition.z
      value: 0
      objectReference: {fileID: 0}
    - target: {fileID: 22459468, guid: c3d394f98ca24405ca5b2901ed806dbb, type: 2}
      propertyPath: m_LocalRotation.x
      value: 0
      objectReference: {fileID: 0}
    - target: {fileID: 22459468, guid: c3d394f98ca24405ca5b2901ed806dbb, type: 2}
      propertyPath: m_LocalRotation.y
      value: 0
      objectReference: {fileID: 0}
    - target: {fileID: 22459468, guid: c3d394f98ca24405ca5b2901ed806dbb, type: 2}
      propertyPath: m_LocalRotation.z
      value: 0
      objectReference: {fileID: 0}
    - target: {fileID: 22459468, guid: c3d394f98ca24405ca5b2901ed806dbb, type: 2}
      propertyPath: m_LocalRotation.w
      value: 1
      objectReference: {fileID: 0}
    - target: {fileID: 22459468, guid: c3d394f98ca24405ca5b2901ed806dbb, type: 2}
      propertyPath: m_RootOrder
      value: 0
      objectReference: {fileID: 0}
    - target: {fileID: 22459468, guid: c3d394f98ca24405ca5b2901ed806dbb, type: 2}
      propertyPath: m_AnchoredPosition.x
      value: 168.5
      objectReference: {fileID: 0}
    - target: {fileID: 22459468, guid: c3d394f98ca24405ca5b2901ed806dbb, type: 2}
      propertyPath: m_AnchoredPosition.y
      value: -89.9000015
      objectReference: {fileID: 0}
    - target: {fileID: 22459468, guid: c3d394f98ca24405ca5b2901ed806dbb, type: 2}
      propertyPath: m_SizeDelta.x
      value: 100
      objectReference: {fileID: 0}
    - target: {fileID: 22459468, guid: c3d394f98ca24405ca5b2901ed806dbb, type: 2}
      propertyPath: m_SizeDelta.y
      value: 100
      objectReference: {fileID: 0}
    - target: {fileID: 22459468, guid: c3d394f98ca24405ca5b2901ed806dbb, type: 2}
      propertyPath: m_AnchorMin.x
      value: 0
      objectReference: {fileID: 0}
    - target: {fileID: 22459468, guid: c3d394f98ca24405ca5b2901ed806dbb, type: 2}
      propertyPath: m_AnchorMin.y
      value: 1
      objectReference: {fileID: 0}
    - target: {fileID: 22459468, guid: c3d394f98ca24405ca5b2901ed806dbb, type: 2}
      propertyPath: m_AnchorMax.x
      value: 0
      objectReference: {fileID: 0}
    - target: {fileID: 22459468, guid: c3d394f98ca24405ca5b2901ed806dbb, type: 2}
      propertyPath: m_AnchorMax.y
      value: 1
      objectReference: {fileID: 0}
    - target: {fileID: 22459468, guid: c3d394f98ca24405ca5b2901ed806dbb, type: 2}
      propertyPath: m_Pivot.x
      value: .5
      objectReference: {fileID: 0}
    - target: {fileID: 22459468, guid: c3d394f98ca24405ca5b2901ed806dbb, type: 2}
      propertyPath: m_Pivot.y
      value: .5
      objectReference: {fileID: 0}
    - target: {fileID: 11417168, guid: c3d394f98ca24405ca5b2901ed806dbb, type: 2}
      propertyPath: player
      value: 
      objectReference: {fileID: 1867094735}
    m_RemovedComponents: []
  m_ParentPrefab: {fileID: 100100000, guid: c3d394f98ca24405ca5b2901ed806dbb, type: 2}
  m_IsPrefabParent: 0
--- !u!1 &430385297
GameObject:
  m_ObjectHideFlags: 0
  m_PrefabParentObject: {fileID: 0}
  m_PrefabInternal: {fileID: 0}
  serializedVersion: 4
  m_Component:
  - 4: {fileID: 430385299}
  - 108: {fileID: 430385298}
  m_Layer: 0
  m_Name: Directional light
  m_TagString: Untagged
  m_Icon: {fileID: 0}
  m_NavMeshLayer: 0
  m_StaticEditorFlags: 0
  m_IsActive: 1
--- !u!108 &430385298
Light:
  m_ObjectHideFlags: 0
  m_PrefabParentObject: {fileID: 0}
  m_PrefabInternal: {fileID: 0}
  m_GameObject: {fileID: 430385297}
  m_Enabled: 1
  serializedVersion: 6
  m_Type: 1
  m_Color: {r: 1, g: 1, b: 1, a: 1}
  m_Intensity: 1
  m_Range: 10
  m_SpotAngle: 30
  m_CookieSize: 10
  m_Shadows:
    m_Type: 0
    m_Resolution: -1
    m_Strength: 1
    m_Bias: .0500000007
    m_NormalBias: .400000006
  m_Cookie: {fileID: 0}
  m_DrawHalo: 0
  m_Flare: {fileID: 0}
  m_RenderMode: 0
  m_CullingMask:
    serializedVersion: 2
    m_Bits: 4294967295
  m_Lightmapping: 4
  m_BounceIntensity: 1
  m_ShadowRadius: 0
  m_ShadowAngle: 0
  m_AreaSize: {x: 1, y: 1}
--- !u!4 &430385299
Transform:
  m_ObjectHideFlags: 0
  m_PrefabParentObject: {fileID: 0}
  m_PrefabInternal: {fileID: 0}
  m_GameObject: {fileID: 430385297}
  m_LocalRotation: {x: .408217937, y: -.234569728, z: .109381676, w: .875426054}
  m_LocalPosition: {x: 0, y: 5, z: 0}
  m_LocalScale: {x: 1, y: 1, z: 1}
  m_Children: []
  m_Father: {fileID: 0}
  m_RootOrder: 11
--- !u!1001 &446073880
Prefab:
  m_ObjectHideFlags: 0
  serializedVersion: 2
  m_Modification:
    m_TransformParent: {fileID: 0}
    m_Modifications:
    - target: {fileID: 416882, guid: 51f005788834d4c5fb90dceed7e0ec15, type: 2}
      propertyPath: m_LocalPosition.x
      value: 42
      objectReference: {fileID: 0}
    - target: {fileID: 416882, guid: 51f005788834d4c5fb90dceed7e0ec15, type: 2}
      propertyPath: m_LocalPosition.y
      value: 6.0999999
      objectReference: {fileID: 0}
    - target: {fileID: 416882, guid: 51f005788834d4c5fb90dceed7e0ec15, type: 2}
      propertyPath: m_LocalPosition.z
      value: .699999988
      objectReference: {fileID: 0}
    - target: {fileID: 416882, guid: 51f005788834d4c5fb90dceed7e0ec15, type: 2}
      propertyPath: m_LocalRotation.x
      value: 0
      objectReference: {fileID: 0}
    - target: {fileID: 416882, guid: 51f005788834d4c5fb90dceed7e0ec15, type: 2}
      propertyPath: m_LocalRotation.y
      value: 0
      objectReference: {fileID: 0}
    - target: {fileID: 416882, guid: 51f005788834d4c5fb90dceed7e0ec15, type: 2}
      propertyPath: m_LocalRotation.z
      value: 0
      objectReference: {fileID: 0}
    - target: {fileID: 416882, guid: 51f005788834d4c5fb90dceed7e0ec15, type: 2}
      propertyPath: m_LocalRotation.w
      value: 1
      objectReference: {fileID: 0}
    - target: {fileID: 416882, guid: 51f005788834d4c5fb90dceed7e0ec15, type: 2}
      propertyPath: m_RootOrder
      value: 2
      objectReference: {fileID: 0}
    - target: {fileID: 2326230, guid: 51f005788834d4c5fb90dceed7e0ec15, type: 2}
      propertyPath: m_Enabled
      value: 1
      objectReference: {fileID: 0}
    - target: {fileID: 192070, guid: 51f005788834d4c5fb90dceed7e0ec15, type: 2}
      propertyPath: m_TagString
      value: Barrier2
      objectReference: {fileID: 0}
    - target: {fileID: 192070, guid: 51f005788834d4c5fb90dceed7e0ec15, type: 2}
      propertyPath: m_Name
      value: Barrier02
      objectReference: {fileID: 0}
    m_RemovedComponents: []
  m_ParentPrefab: {fileID: 100100000, guid: 51f005788834d4c5fb90dceed7e0ec15, type: 2}
  m_IsPrefabParent: 0
--- !u!1 &490473482
GameObject:
  m_ObjectHideFlags: 0
  m_PrefabParentObject: {fileID: 0}
  m_PrefabInternal: {fileID: 0}
  serializedVersion: 4
  m_Component:
  - 4: {fileID: 490473484}
  - 114: {fileID: 490473483}
  m_Layer: 0
  m_Name: SceneController
  m_TagString: Untagged
  m_Icon: {fileID: 5132851093641282708, guid: 0000000000000000d000000000000000, type: 0}
  m_NavMeshLayer: 0
  m_StaticEditorFlags: 0
  m_IsActive: 1
--- !u!114 &490473483
MonoBehaviour:
  m_ObjectHideFlags: 0
  m_PrefabParentObject: {fileID: 0}
  m_PrefabInternal: {fileID: 0}
  m_GameObject: {fileID: 490473482}
  m_Enabled: 1
  m_EditorHideFlags: 0
  m_Script: {fileID: 11500000, guid: edff963fcf78342b2b89c60a5fa00d8c, type: 3}
  m_Name: 
  m_EditorClassIdentifier: 
  b1Active: 1
  b2Active: 1
  b3Active: 1
  b4Active: 1
  b5Active: 1
--- !u!4 &490473484
Transform:
  m_ObjectHideFlags: 0
  m_PrefabParentObject: {fileID: 0}
  m_PrefabInternal: {fileID: 0}
  m_GameObject: {fileID: 490473482}
  m_LocalRotation: {x: 0, y: 0, z: 0, w: 1}
  m_LocalPosition: {x: 9.10000038, y: -57.7999992, z: 114.400002}
  m_LocalScale: {x: 1, y: 1, z: 1}
  m_Children: []
  m_Father: {fileID: 0}
  m_RootOrder: 15
--- !u!1 &523144081
GameObject:
  m_ObjectHideFlags: 0
  m_PrefabParentObject: {fileID: 0}
  m_PrefabInternal: {fileID: 0}
  serializedVersion: 4
  m_Component:
  - 4: {fileID: 523144085}
  - 33: {fileID: 523144084}
  - 65: {fileID: 523144083}
  - 23: {fileID: 523144082}
  m_Layer: 0
  m_Name: PlayerAttackHitBox
  m_TagString: EnemyHitBox
  m_Icon: {fileID: 0}
  m_NavMeshLayer: 0
  m_StaticEditorFlags: 0
  m_IsActive: 0
--- !u!23 &523144082
MeshRenderer:
  m_ObjectHideFlags: 0
  m_PrefabParentObject: {fileID: 0}
  m_PrefabInternal: {fileID: 0}
  m_GameObject: {fileID: 523144081}
  m_Enabled: 1
  m_CastShadows: 1
  m_ReceiveShadows: 1
  m_Materials:
  - {fileID: 2100000, guid: 1d3aaa4c3487f4e45a391e34915a5b1e, type: 2}
  m_SubsetIndices: 
  m_StaticBatchRoot: {fileID: 0}
  m_UseLightProbes: 1
  m_ReflectionProbeUsage: 1
  m_ProbeAnchor: {fileID: 0}
  m_ScaleInLightmap: 1
  m_PreserveUVs: 1
  m_ImportantGI: 0
  m_AutoUVMaxDistance: .5
  m_AutoUVMaxAngle: 89
  m_LightmapParameters: {fileID: 0}
  m_SortingLayerID: 0
  m_SortingOrder: 0
--- !u!65 &523144083
BoxCollider:
  m_ObjectHideFlags: 0
  m_PrefabParentObject: {fileID: 0}
  m_PrefabInternal: {fileID: 0}
  m_GameObject: {fileID: 523144081}
  m_Material: {fileID: 0}
  m_IsTrigger: 0
  m_Enabled: 1
  serializedVersion: 2
  m_Size: {x: 1, y: 1, z: 1}
  m_Center: {x: 0, y: 0, z: 0}
--- !u!33 &523144084
MeshFilter:
  m_ObjectHideFlags: 0
  m_PrefabParentObject: {fileID: 0}
  m_PrefabInternal: {fileID: 0}
  m_GameObject: {fileID: 523144081}
  m_Mesh: {fileID: 10202, guid: 0000000000000000e000000000000000, type: 0}
--- !u!4 &523144085
Transform:
  m_ObjectHideFlags: 0
  m_PrefabParentObject: {fileID: 0}
  m_PrefabInternal: {fileID: 0}
  m_GameObject: {fileID: 523144081}
  m_LocalRotation: {x: 0, y: 0, z: 0, w: 1}
  m_LocalPosition: {x: -.5, y: .0599999987, z: 0}
  m_LocalScale: {x: 1.5, y: .5, z: .800000012}
  m_Children: []
  m_Father: {fileID: 983144325}
  m_RootOrder: 0
--- !u!1001 &591764229
Prefab:
  m_ObjectHideFlags: 0
  serializedVersion: 2
  m_Modification:
    m_TransformParent: {fileID: 0}
    m_Modifications:
    - target: {fileID: 416882, guid: 51f005788834d4c5fb90dceed7e0ec15, type: 2}
      propertyPath: m_LocalPosition.x
      value: 11.8000002
      objectReference: {fileID: 0}
    - target: {fileID: 416882, guid: 51f005788834d4c5fb90dceed7e0ec15, type: 2}
      propertyPath: m_LocalPosition.y
      value: 6.0999999
      objectReference: {fileID: 0}
    - target: {fileID: 416882, guid: 51f005788834d4c5fb90dceed7e0ec15, type: 2}
      propertyPath: m_LocalPosition.z
      value: .699999988
      objectReference: {fileID: 0}
    - target: {fileID: 416882, guid: 51f005788834d4c5fb90dceed7e0ec15, type: 2}
      propertyPath: m_LocalRotation.x
      value: 0
      objectReference: {fileID: 0}
    - target: {fileID: 416882, guid: 51f005788834d4c5fb90dceed7e0ec15, type: 2}
      propertyPath: m_LocalRotation.y
      value: 0
      objectReference: {fileID: 0}
    - target: {fileID: 416882, guid: 51f005788834d4c5fb90dceed7e0ec15, type: 2}
      propertyPath: m_LocalRotation.z
      value: 0
      objectReference: {fileID: 0}
    - target: {fileID: 416882, guid: 51f005788834d4c5fb90dceed7e0ec15, type: 2}
      propertyPath: m_LocalRotation.w
      value: 1
      objectReference: {fileID: 0}
    - target: {fileID: 416882, guid: 51f005788834d4c5fb90dceed7e0ec15, type: 2}
      propertyPath: m_RootOrder
      value: 11
      objectReference: {fileID: 0}
    - target: {fileID: 2326230, guid: 51f005788834d4c5fb90dceed7e0ec15, type: 2}
      propertyPath: m_Enabled
      value: 1
      objectReference: {fileID: 0}
    - target: {fileID: 192070, guid: 51f005788834d4c5fb90dceed7e0ec15, type: 2}
      propertyPath: m_TagString
      value: Barrier1
      objectReference: {fileID: 0}
    m_RemovedComponents: []
  m_ParentPrefab: {fileID: 100100000, guid: 51f005788834d4c5fb90dceed7e0ec15, type: 2}
  m_IsPrefabParent: 0
--- !u!115 &648924130
MonoScript:
  m_ObjectHideFlags: 0
  m_PrefabParentObject: {fileID: 0}
  m_PrefabInternal: {fileID: 0}
  m_Name: 
  serializedVersion: 4
  m_Script: 
  m_DefaultReferences: {}
  m_Icon: {fileID: 0}
  m_ExecutionOrder: 0
  m_ClassName: StandaloneInputModule
  m_Namespace: UnityEngine.EventSystems
  m_AssemblyName: UnityEngine.UI.dll
  m_IsEditorScript: 0
--- !u!1 &656233769
GameObject:
  m_ObjectHideFlags: 0
  m_PrefabParentObject: {fileID: 0}
  m_PrefabInternal: {fileID: 0}
  serializedVersion: 4
  m_Component:
  - 4: {fileID: 656233773}
  - 33: {fileID: 656233772}
  - 64: {fileID: 656233771}
  - 23: {fileID: 656233770}
  m_Layer: 0
  m_Name: Plane
  m_TagString: Floor
  m_Icon: {fileID: 0}
  m_NavMeshLayer: 0
  m_StaticEditorFlags: 0
  m_IsActive: 1
--- !u!23 &656233770
MeshRenderer:
  m_ObjectHideFlags: 0
  m_PrefabParentObject: {fileID: 0}
  m_PrefabInternal: {fileID: 0}
  m_GameObject: {fileID: 656233769}
  m_Enabled: 1
  m_CastShadows: 1
  m_ReceiveShadows: 1
  m_Materials:
  - {fileID: 2100000, guid: 0204c1f69a3a34e44a9f9686fc87c1eb, type: 2}
  m_SubsetIndices: 
  m_StaticBatchRoot: {fileID: 0}
  m_UseLightProbes: 1
  m_ReflectionProbeUsage: 1
  m_ProbeAnchor: {fileID: 0}
  m_ScaleInLightmap: 1
  m_PreserveUVs: 1
  m_ImportantGI: 0
  m_AutoUVMaxDistance: .5
  m_AutoUVMaxAngle: 89
  m_LightmapParameters: {fileID: 0}
  m_SortingLayerID: 0
  m_SortingOrder: 0
--- !u!64 &656233771
MeshCollider:
  m_ObjectHideFlags: 0
  m_PrefabParentObject: {fileID: 0}
  m_PrefabInternal: {fileID: 0}
  m_GameObject: {fileID: 656233769}
  m_Material: {fileID: 0}
  m_IsTrigger: 0
  m_Enabled: 1
  serializedVersion: 2
  m_Convex: 0
  m_Mesh: {fileID: 10209, guid: 0000000000000000e000000000000000, type: 0}
--- !u!33 &656233772
MeshFilter:
  m_ObjectHideFlags: 0
  m_PrefabParentObject: {fileID: 0}
  m_PrefabInternal: {fileID: 0}
  m_GameObject: {fileID: 656233769}
  m_Mesh: {fileID: 10209, guid: 0000000000000000e000000000000000, type: 0}
--- !u!4 &656233773
Transform:
  m_ObjectHideFlags: 0
  m_PrefabParentObject: {fileID: 0}
  m_PrefabInternal: {fileID: 0}
  m_GameObject: {fileID: 656233769}
  m_LocalRotation: {x: 0, y: 0, z: 0, w: 1}
  m_LocalPosition: {x: 60, y: 0, z: 0}
  m_LocalScale: {x: 16.8748741, y: 1, z: 1.70000005}
  m_Children: []
  m_Father: {fileID: 0}
  m_RootOrder: 12
--- !u!115 &693277561
MonoScript:
  m_ObjectHideFlags: 0
  m_PrefabParentObject: {fileID: 0}
  m_PrefabInternal: {fileID: 0}
  m_Name: 
  serializedVersion: 4
  m_Script: 
  m_DefaultReferences: {}
  m_Icon: {fileID: 0}
  m_ExecutionOrder: 0
  m_ClassName: EventSystem
  m_Namespace: UnityEngine.EventSystems
  m_AssemblyName: UnityEngine.UI.dll
  m_IsEditorScript: 0
--- !u!1001 &714301063
Prefab:
  m_ObjectHideFlags: 0
  serializedVersion: 2
  m_Modification:
    m_TransformParent: {fileID: 0}
    m_Modifications:
    - target: {fileID: 416882, guid: 51f005788834d4c5fb90dceed7e0ec15, type: 2}
      propertyPath: m_LocalPosition.x
      value: 85.6999969
      objectReference: {fileID: 0}
    - target: {fileID: 416882, guid: 51f005788834d4c5fb90dceed7e0ec15, type: 2}
      propertyPath: m_LocalPosition.y
      value: 6.0999999
      objectReference: {fileID: 0}
    - target: {fileID: 416882, guid: 51f005788834d4c5fb90dceed7e0ec15, type: 2}
      propertyPath: m_LocalPosition.z
      value: .699999988
      objectReference: {fileID: 0}
    - target: {fileID: 416882, guid: 51f005788834d4c5fb90dceed7e0ec15, type: 2}
      propertyPath: m_LocalRotation.x
      value: 0
      objectReference: {fileID: 0}
    - target: {fileID: 416882, guid: 51f005788834d4c5fb90dceed7e0ec15, type: 2}
      propertyPath: m_LocalRotation.y
      value: 0
      objectReference: {fileID: 0}
    - target: {fileID: 416882, guid: 51f005788834d4c5fb90dceed7e0ec15, type: 2}
      propertyPath: m_LocalRotation.z
      value: 0
      objectReference: {fileID: 0}
    - target: {fileID: 416882, guid: 51f005788834d4c5fb90dceed7e0ec15, type: 2}
      propertyPath: m_LocalRotation.w
      value: 1
      objectReference: {fileID: 0}
    - target: {fileID: 416882, guid: 51f005788834d4c5fb90dceed7e0ec15, type: 2}
      propertyPath: m_RootOrder
      value: 5
      objectReference: {fileID: 0}
    - target: {fileID: 2326230, guid: 51f005788834d4c5fb90dceed7e0ec15, type: 2}
      propertyPath: m_Enabled
      value: 1
      objectReference: {fileID: 0}
    - target: {fileID: 192070, guid: 51f005788834d4c5fb90dceed7e0ec15, type: 2}
      propertyPath: m_TagString
      value: Barrier3
      objectReference: {fileID: 0}
    - target: {fileID: 192070, guid: 51f005788834d4c5fb90dceed7e0ec15, type: 2}
      propertyPath: m_Name
      value: Barrier03
      objectReference: {fileID: 0}
    m_RemovedComponents: []
  m_ParentPrefab: {fileID: 100100000, guid: 51f005788834d4c5fb90dceed7e0ec15, type: 2}
  m_IsPrefabParent: 0
--- !u!115 &769233295
MonoScript:
  m_ObjectHideFlags: 0
  m_PrefabParentObject: {fileID: 0}
  m_PrefabInternal: {fileID: 0}
  m_Name: 
  serializedVersion: 4
  m_Script: 
  m_DefaultReferences: {}
  m_Icon: {fileID: 0}
  m_ExecutionOrder: 0
  m_ClassName: TouchInputModule
  m_Namespace: UnityEngine.EventSystems
  m_AssemblyName: UnityEngine.UI.dll
  m_IsEditorScript: 0
--- !u!1 &888709478
GameObject:
  m_ObjectHideFlags: 0
  m_PrefabParentObject: {fileID: 0}
  m_PrefabInternal: {fileID: 0}
  serializedVersion: 4
  m_Component:
  - 4: {fileID: 888709482}
  - 114: {fileID: 888709481}
  - 114: {fileID: 888709480}
  - 114: {fileID: 888709479}
  m_Layer: 0
  m_Name: EventSystem
  m_TagString: Untagged
  m_Icon: {fileID: 0}
  m_NavMeshLayer: 0
  m_StaticEditorFlags: 0
  m_IsActive: 1
--- !u!114 &888709479
MonoBehaviour:
  m_ObjectHideFlags: 0
  m_PrefabParentObject: {fileID: 0}
  m_PrefabInternal: {fileID: 0}
  m_GameObject: {fileID: 888709478}
  m_Enabled: 1
  m_EditorHideFlags: 0
  m_Script: {fileID: 1997211142, guid: f5f67c52d1564df4a8936ccd202a3bd8, type: 3}
  m_Name: 
  m_EditorClassIdentifier: 
--- !u!114 &888709480
MonoBehaviour:
  m_ObjectHideFlags: 0
  m_PrefabParentObject: {fileID: 0}
  m_PrefabInternal: {fileID: 0}
  m_GameObject: {fileID: 888709478}
  m_Enabled: 1
  m_EditorHideFlags: 0
  m_Script: {fileID: 1077351063, guid: f5f67c52d1564df4a8936ccd202a3bd8, type: 3}
  m_Name: 
  m_EditorClassIdentifier: 
--- !u!114 &888709481
MonoBehaviour:
  m_ObjectHideFlags: 0
  m_PrefabParentObject: {fileID: 0}
  m_PrefabInternal: {fileID: 0}
  m_GameObject: {fileID: 888709478}
  m_Enabled: 1
  m_EditorHideFlags: 0
  m_Script: {fileID: -619905303, guid: f5f67c52d1564df4a8936ccd202a3bd8, type: 3}
  m_Name: 
  m_EditorClassIdentifier: 
--- !u!4 &888709482
Transform:
  m_ObjectHideFlags: 0
  m_PrefabParentObject: {fileID: 0}
  m_PrefabInternal: {fileID: 0}
  m_GameObject: {fileID: 888709478}
  m_LocalRotation: {x: 0, y: 0, z: 0, w: 1}
  m_LocalPosition: {x: 0, y: 0, z: 0}
  m_LocalScale: {x: 1, y: 1, z: 1}
  m_Children: []
  m_Father: {fileID: 0}
  m_RootOrder: 14
--- !u!1 &983144324
GameObject:
  m_ObjectHideFlags: 0
  m_PrefabParentObject: {fileID: 0}
  m_PrefabInternal: {fileID: 0}
  serializedVersion: 4
  m_Component:
  - 4: {fileID: 983144325}
  - 33: {fileID: 983144330}
  - 65: {fileID: 983144329}
  - 23: {fileID: 983144328}
  - 54: {fileID: 983144327}
  - 114: {fileID: 983144326}
  m_Layer: 0
  m_Name: Enemy02
  m_TagString: Enemy
  m_Icon: {fileID: -964228994112308473, guid: 0000000000000000d000000000000000, type: 0}
  m_NavMeshLayer: 0
  m_StaticEditorFlags: 0
  m_IsActive: 0
--- !u!4 &983144325
Transform:
  m_ObjectHideFlags: 0
  m_PrefabParentObject: {fileID: 0}
  m_PrefabInternal: {fileID: 0}
  m_GameObject: {fileID: 983144324}
  m_LocalRotation: {x: 0, y: 0, z: 0, w: 1}
  m_LocalPosition: {x: 30.3899994, y: 1, z: 0}
  m_LocalScale: {x: 1, y: 2, z: 1}
  m_Children:
  - {fileID: 523144085}
  m_Father: {fileID: 0}
  m_RootOrder: 7
--- !u!114 &983144326
MonoBehaviour:
  m_ObjectHideFlags: 0
  m_PrefabParentObject: {fileID: 0}
  m_PrefabInternal: {fileID: 0}
  m_GameObject: {fileID: 983144324}
  m_Enabled: 1
  m_EditorHideFlags: 0
  m_Script: {fileID: 11500000, guid: 5c117ff55f0e14a93a14cf097761953d, type: 3}
  m_Name: 
  m_EditorClassIdentifier: 
--- !u!54 &983144327
Rigidbody:
  m_ObjectHideFlags: 0
  m_PrefabParentObject: {fileID: 0}
  m_PrefabInternal: {fileID: 0}
  m_GameObject: {fileID: 983144324}
  serializedVersion: 2
  m_Mass: 1
  m_Drag: 0
  m_AngularDrag: .0500000007
  m_UseGravity: 1
  m_IsKinematic: 0
  m_Interpolate: 0
  m_Constraints: 112
  m_CollisionDetection: 0
--- !u!23 &983144328
MeshRenderer:
  m_ObjectHideFlags: 0
  m_PrefabParentObject: {fileID: 0}
  m_PrefabInternal: {fileID: 0}
  m_GameObject: {fileID: 983144324}
  m_Enabled: 1
  m_CastShadows: 1
  m_ReceiveShadows: 1
  m_Materials:
  - {fileID: 2100000, guid: 2e77239305d494c3fa5a1023f8d9b89f, type: 2}
  m_SubsetIndices: 
  m_StaticBatchRoot: {fileID: 0}
  m_UseLightProbes: 1
  m_ReflectionProbeUsage: 1
  m_ProbeAnchor: {fileID: 0}
  m_ScaleInLightmap: 1
  m_PreserveUVs: 1
  m_ImportantGI: 0
  m_AutoUVMaxDistance: .5
  m_AutoUVMaxAngle: 89
  m_LightmapParameters: {fileID: 0}
  m_SortingLayerID: 0
  m_SortingOrder: 0
--- !u!65 &983144329
BoxCollider:
  m_ObjectHideFlags: 0
  m_PrefabParentObject: {fileID: 0}
  m_PrefabInternal: {fileID: 0}
  m_GameObject: {fileID: 983144324}
  m_Material: {fileID: 0}
  m_IsTrigger: 0
  m_Enabled: 1
  serializedVersion: 2
  m_Size: {x: 1, y: 1, z: 1}
  m_Center: {x: 0, y: 0, z: 0}
--- !u!33 &983144330
MeshFilter:
  m_ObjectHideFlags: 0
  m_PrefabParentObject: {fileID: 0}
  m_PrefabInternal: {fileID: 0}
  m_GameObject: {fileID: 983144324}
  m_Mesh: {fileID: 10202, guid: 0000000000000000e000000000000000, type: 0}
--- !u!1 &1015851779 stripped
GameObject:
  m_PrefabParentObject: {fileID: 131542, guid: c40d6517d91334e82b6c065b6a2078c3, type: 2}
  m_PrefabInternal: {fileID: 1627005516}
--- !u!1 &1107508772
GameObject:
  m_ObjectHideFlags: 0
  m_PrefabParentObject: {fileID: 0}
  m_PrefabInternal: {fileID: 0}
  serializedVersion: 4
  m_Component:
  - 4: {fileID: 1107508774}
  - 212: {fileID: 1107508773}
  m_Layer: 0
  m_Name: HealthBarEmpty
  m_TagString: Untagged
  m_Icon: {fileID: 0}
  m_NavMeshLayer: 0
  m_StaticEditorFlags: 0
  m_IsActive: 1
--- !u!212 &1107508773
SpriteRenderer:
  m_ObjectHideFlags: 0
  m_PrefabParentObject: {fileID: 0}
  m_PrefabInternal: {fileID: 0}
  m_GameObject: {fileID: 1107508772}
  m_Enabled: 1
  m_CastShadows: 0
  m_ReceiveShadows: 0
  m_Materials:
  - {fileID: 10754, guid: 0000000000000000e000000000000000, type: 0}
  m_SubsetIndices: 
  m_StaticBatchRoot: {fileID: 0}
  m_UseLightProbes: 1
  m_ReflectionProbeUsage: 1
  m_ProbeAnchor: {fileID: 0}
  m_ScaleInLightmap: 1
  m_PreserveUVs: 0
  m_ImportantGI: 0
  m_AutoUVMaxDistance: .5
  m_AutoUVMaxAngle: 89
  m_LightmapParameters: {fileID: 0}
  m_SortingLayerID: 0
  m_SortingOrder: 0
  m_Sprite: {fileID: 21300000, guid: a68ed71b0535f41aa9bee02029763f03, type: 3}
  m_Color: {r: 1, g: 1, b: 1, a: 1}
--- !u!4 &1107508774
Transform:
  m_ObjectHideFlags: 0
  m_PrefabParentObject: {fileID: 0}
  m_PrefabInternal: {fileID: 0}
  m_GameObject: {fileID: 1107508772}
  m_LocalRotation: {x: 0, y: 0, z: 0, w: 1}
  m_LocalPosition: {x: 125.556122, y: 429.347046, z: 0}
  m_LocalScale: {x: 1, y: 1, z: 1}
  m_Children: []
  m_Father: {fileID: 0}
  m_RootOrder: 18
--- !u!1 &1120393913
GameObject:
  m_ObjectHideFlags: 0
  m_PrefabParentObject: {fileID: 0}
  m_PrefabInternal: {fileID: 0}
  serializedVersion: 4
  m_Component:
  - 4: {fileID: 1120393917}
  - 114: {fileID: 1120393916}
  - 114: {fileID: 1120393915}
  - 114: {fileID: 1120393914}
  m_Layer: 0
  m_Name: EventSystem
  m_TagString: Untagged
  m_Icon: {fileID: 0}
  m_NavMeshLayer: 0
  m_StaticEditorFlags: 0
  m_IsActive: 1
--- !u!114 &1120393914
MonoBehaviour:
  m_ObjectHideFlags: 0
  m_PrefabParentObject: {fileID: 0}
  m_PrefabInternal: {fileID: 0}
  m_GameObject: {fileID: 1120393913}
  m_Enabled: 1
  m_EditorHideFlags: 0
  m_Script: {fileID: 769233295}
  m_Name: 
  m_EditorClassIdentifier: 
  m_AllowActivationOnStandalone: 0
--- !u!114 &1120393915
MonoBehaviour:
  m_ObjectHideFlags: 0
  m_PrefabParentObject: {fileID: 0}
  m_PrefabInternal: {fileID: 0}
  m_GameObject: {fileID: 1120393913}
  m_Enabled: 1
  m_EditorHideFlags: 0
  m_Script: {fileID: 648924130}
  m_Name: 
  m_EditorClassIdentifier: 
  m_HorizontalAxis: Horizontal
  m_VerticalAxis: Vertical
  m_SubmitButton: Submit
  m_CancelButton: Cancel
  m_InputActionsPerSecond: 10
  m_AllowActivationOnMobileDevice: 0
--- !u!114 &1120393916
MonoBehaviour:
  m_ObjectHideFlags: 0
  m_PrefabParentObject: {fileID: 0}
  m_PrefabInternal: {fileID: 0}
  m_GameObject: {fileID: 1120393913}
  m_Enabled: 1
  m_EditorHideFlags: 0
  m_Script: {fileID: 693277561}
  m_Name: 
  m_EditorClassIdentifier: 
  m_FirstSelected: {fileID: 0}
  m_sendNavigationEvents: 1
  m_DragThreshold: 5
--- !u!4 &1120393917
Transform:
  m_ObjectHideFlags: 0
  m_PrefabParentObject: {fileID: 0}
  m_PrefabInternal: {fileID: 0}
  m_GameObject: {fileID: 1120393913}
  m_LocalRotation: {x: 0, y: 0, z: 0, w: 1}
  m_LocalPosition: {x: 0, y: 0, z: 0}
  m_LocalScale: {x: 1, y: 1, z: 1}
  m_Children: []
  m_Father: {fileID: 0}
  m_RootOrder: 17
--- !u!1 &1304672505
GameObject:
  m_ObjectHideFlags: 0
  m_PrefabParentObject: {fileID: 0}
  m_PrefabInternal: {fileID: 0}
  serializedVersion: 4
  m_Component:
  - 224: {fileID: 1304672509}
  - 223: {fileID: 1304672508}
  - 114: {fileID: 1304672507}
  - 114: {fileID: 1304672506}
  m_Layer: 5
  m_Name: Canvas
  m_TagString: Untagged
  m_Icon: {fileID: 0}
  m_NavMeshLayer: 0
  m_StaticEditorFlags: 0
  m_IsActive: 1
--- !u!114 &1304672506
MonoBehaviour:
  m_ObjectHideFlags: 0
  m_PrefabParentObject: {fileID: 0}
  m_PrefabInternal: {fileID: 0}
  m_GameObject: {fileID: 1304672505}
  m_Enabled: 1
  m_EditorHideFlags: 0
  m_Script: {fileID: 1374143180}
  m_Name: 
  m_EditorClassIdentifier: 
  m_IgnoreReversedGraphics: 1
  m_BlockingObjects: 0
  m_BlockingMask: {}
--- !u!114 &1304672507
MonoBehaviour:
  m_ObjectHideFlags: 0
  m_PrefabParentObject: {fileID: 0}
  m_PrefabInternal: {fileID: 0}
  m_GameObject: {fileID: 1304672505}
  m_Enabled: 1
  m_EditorHideFlags: 0
  m_Script: {fileID: 1803292790}
  m_Name: 
  m_EditorClassIdentifier: 
  m_UiScaleMode: 0
  m_ReferencePixelsPerUnit: 100
  m_ScaleFactor: 1
  m_ReferenceResolution: {x: 800, y: 600}
  m_ScreenMatchMode: 0
  m_MatchWidthOrHeight: 0
  m_PhysicalUnit: 3
  m_FallbackScreenDPI: 96
  m_DefaultSpriteDPI: 96
  m_DynamicPixelsPerUnit: 1
--- !u!223 &1304672508
Canvas:
  m_ObjectHideFlags: 0
  m_PrefabParentObject: {fileID: 0}
  m_PrefabInternal: {fileID: 0}
  m_GameObject: {fileID: 1304672505}
  m_Enabled: 1
  serializedVersion: 2
  m_RenderMode: 0
  m_Camera: {fileID: 0}
  m_PlaneDistance: 100
  m_PixelPerfect: 0
  m_ReceivesEvents: 1
  m_OverrideSorting: 0
  m_OverridePixelPerfect: 0
  m_SortingLayerID: 0
  m_SortingOrder: 0
--- !u!224 &1304672509
RectTransform:
  m_ObjectHideFlags: 0
  m_PrefabParentObject: {fileID: 0}
  m_PrefabInternal: {fileID: 0}
  m_GameObject: {fileID: 1304672505}
  m_LocalRotation: {x: 0, y: 0, z: 0, w: 1}
  m_LocalPosition: {x: 0, y: 0, z: 0}
  m_LocalScale: {x: 0, y: 0, z: 0}
  m_Children:
  - {fileID: 1420873688}
  m_Father: {fileID: 0}
  m_RootOrder: 16
  m_AnchorMin: {x: 0, y: 0}
  m_AnchorMax: {x: 0, y: 0}
  m_AnchoredPosition: {x: 0, y: 0}
  m_SizeDelta: {x: 0, y: 0}
  m_Pivot: {x: 0, y: 0}
--- !u!115 &1374143180
MonoScript:
  m_ObjectHideFlags: 0
  m_PrefabParentObject: {fileID: 0}
  m_PrefabInternal: {fileID: 0}
  m_Name: 
  serializedVersion: 4
  m_Script: 
  m_DefaultReferences: {}
  m_Icon: {fileID: 0}
  m_ExecutionOrder: 0
  m_ClassName: GraphicRaycaster
  m_Namespace: UnityEngine.UI
  m_AssemblyName: UnityEngine.UI.dll
  m_IsEditorScript: 0
--- !u!224 &1420873688 stripped
RectTransform:
  m_PrefabParentObject: {fileID: 22459468, guid: c3d394f98ca24405ca5b2901ed806dbb,
    type: 2}
  m_PrefabInternal: {fileID: 358581636}
--- !u!1001 &1627005516
Prefab:
  m_ObjectHideFlags: 0
  serializedVersion: 2
  m_Modification:
    m_TransformParent: {fileID: 0}
    m_Modifications:
    - target: {fileID: 421788, guid: c40d6517d91334e82b6c065b6a2078c3, type: 2}
      propertyPath: m_LocalPosition.x
      value: -5.76999998
      objectReference: {fileID: 0}
    - target: {fileID: 421788, guid: c40d6517d91334e82b6c065b6a2078c3, type: 2}
      propertyPath: m_LocalPosition.y
      value: 1.88
      objectReference: {fileID: 0}
    - target: {fileID: 421788, guid: c40d6517d91334e82b6c065b6a2078c3, type: 2}
      propertyPath: m_LocalPosition.z
      value: -1.41999996
      objectReference: {fileID: 0}
    - target: {fileID: 421788, guid: c40d6517d91334e82b6c065b6a2078c3, type: 2}
      propertyPath: m_LocalRotation.x
      value: 0
      objectReference: {fileID: 0}
    - target: {fileID: 421788, guid: c40d6517d91334e82b6c065b6a2078c3, type: 2}
      propertyPath: m_LocalRotation.y
      value: 0
      objectReference: {fileID: 0}
    - target: {fileID: 421788, guid: c40d6517d91334e82b6c065b6a2078c3, type: 2}
      propertyPath: m_LocalRotation.z
      value: 0
      objectReference: {fileID: 0}
    - target: {fileID: 421788, guid: c40d6517d91334e82b6c065b6a2078c3, type: 2}
      propertyPath: m_LocalRotation.w
      value: 1
      objectReference: {fileID: 0}
    - target: {fileID: 421788, guid: c40d6517d91334e82b6c065b6a2078c3, type: 2}
      propertyPath: m_RootOrder
      value: 1
      objectReference: {fileID: 0}
    - target: {fileID: 11475860, guid: c40d6517d91334e82b6c065b6a2078c3, type: 2}
      propertyPath: playerSprite
      value: 
      objectReference: {fileID: 1015851779}
    m_RemovedComponents: []
  m_ParentPrefab: {fileID: 100100000, guid: c40d6517d91334e82b6c065b6a2078c3, type: 2}
  m_IsPrefabParent: 0
--- !u!1001 &1647258843
Prefab:
  m_ObjectHideFlags: 0
  serializedVersion: 2
  m_Modification:
    m_TransformParent: {fileID: 0}
    m_Modifications:
    - target: {fileID: 414142, guid: da6d4a5d283624a3f87ef82776f7f621, type: 2}
      propertyPath: m_LocalPosition.x
      value: 0
      objectReference: {fileID: 0}
    - target: {fileID: 414142, guid: da6d4a5d283624a3f87ef82776f7f621, type: 2}
      propertyPath: m_LocalPosition.y
      value: 18.1000004
      objectReference: {fileID: 0}
    - target: {fileID: 414142, guid: da6d4a5d283624a3f87ef82776f7f621, type: 2}
      propertyPath: m_LocalPosition.z
      value: -33.0200005
      objectReference: {fileID: 0}
    - target: {fileID: 414142, guid: da6d4a5d283624a3f87ef82776f7f621, type: 2}
      propertyPath: m_LocalRotation.x
      value: .258819073
      objectReference: {fileID: 0}
    - target: {fileID: 414142, guid: da6d4a5d283624a3f87ef82776f7f621, type: 2}
      propertyPath: m_LocalRotation.y
      value: 0
      objectReference: {fileID: 0}
    - target: {fileID: 414142, guid: da6d4a5d283624a3f87ef82776f7f621, type: 2}
      propertyPath: m_LocalRotation.z
      value: 0
      objectReference: {fileID: 0}
    - target: {fileID: 414142, guid: da6d4a5d283624a3f87ef82776f7f621, type: 2}
      propertyPath: m_LocalRotation.w
      value: .965925813
      objectReference: {fileID: 0}
    - target: {fileID: 414142, guid: da6d4a5d283624a3f87ef82776f7f621, type: 2}
      propertyPath: m_RootOrder
      value: 6
      objectReference: {fileID: 0}
    - target: {fileID: 11422086, guid: da6d4a5d283624a3f87ef82776f7f621, type: 2}
      propertyPath: target
      value: 
      objectReference: {fileID: 1867094735}
    - target: {fileID: 11422086, guid: da6d4a5d283624a3f87ef82776f7f621, type: 2}
      propertyPath: zpos
      value: -4.32999992
      objectReference: {fileID: 0}
    - target: {fileID: 11422086, guid: da6d4a5d283624a3f87ef82776f7f621, type: 2}
      propertyPath: ypos
      value: 2.68000007
      objectReference: {fileID: 0}
    - target: {fileID: 11422086, guid: da6d4a5d283624a3f87ef82776f7f621, type: 2}
      propertyPath: speed
      value: .100000001
      objectReference: {fileID: 0}
    m_RemovedComponents: []
  m_ParentPrefab: {fileID: 100100000, guid: da6d4a5d283624a3f87ef82776f7f621, type: 2}
  m_IsPrefabParent: 0
--- !u!1 &1763256859
GameObject:
  m_ObjectHideFlags: 0
  m_PrefabParentObject: {fileID: 161574, guid: 3f356b036480648af99f4103801dd6eb, type: 2}
  m_PrefabInternal: {fileID: 0}
  serializedVersion: 4
  m_Component:
  - 4: {fileID: 1763256863}
  - 33: {fileID: 1763256862}
  - 65: {fileID: 1763256861}
  - 23: {fileID: 1763256860}
  - 114: {fileID: 1763256864}
  m_Layer: 0
  m_Name: EnemyTrigger
  m_TagString: Untagged
  m_Icon: {fileID: 0}
  m_NavMeshLayer: 0
  m_StaticEditorFlags: 0
  m_IsActive: 1
--- !u!23 &1763256860
MeshRenderer:
  m_ObjectHideFlags: 0
  m_PrefabParentObject: {fileID: 2349190, guid: 3f356b036480648af99f4103801dd6eb,
    type: 2}
  m_PrefabInternal: {fileID: 0}
  m_GameObject: {fileID: 1763256859}
  m_Enabled: 0
  m_CastShadows: 1
  m_ReceiveShadows: 1
  m_Materials:
  - {fileID: 10303, guid: 0000000000000000f000000000000000, type: 0}
  m_SubsetIndices: 
  m_StaticBatchRoot: {fileID: 0}
  m_UseLightProbes: 1
  m_ReflectionProbeUsage: 1
  m_ProbeAnchor: {fileID: 0}
  m_ScaleInLightmap: 1
  m_PreserveUVs: 1
  m_ImportantGI: 0
  m_AutoUVMaxDistance: .5
  m_AutoUVMaxAngle: 89
  m_LightmapParameters: {fileID: 0}
  m_SortingLayerID: 0
  m_SortingOrder: 0
--- !u!65 &1763256861
BoxCollider:
  m_ObjectHideFlags: 0
  m_PrefabParentObject: {fileID: 6520656, guid: 3f356b036480648af99f4103801dd6eb,
    type: 2}
  m_PrefabInternal: {fileID: 0}
  m_GameObject: {fileID: 1763256859}
  m_Material: {fileID: 0}
  m_IsTrigger: 1
  m_Enabled: 1
  serializedVersion: 2
  m_Size: {x: 1, y: 1, z: 1}
  m_Center: {x: 0, y: 0, z: 0}
--- !u!33 &1763256862
MeshFilter:
  m_ObjectHideFlags: 0
  m_PrefabParentObject: {fileID: 3368906, guid: 3f356b036480648af99f4103801dd6eb,
    type: 2}
  m_PrefabInternal: {fileID: 0}
  m_GameObject: {fileID: 1763256859}
  m_Mesh: {fileID: 10202, guid: 0000000000000000e000000000000000, type: 0}
--- !u!4 &1763256863
Transform:
  m_ObjectHideFlags: 0
  m_PrefabParentObject: {fileID: 466666, guid: 3f356b036480648af99f4103801dd6eb, type: 2}
  m_PrefabInternal: {fileID: 0}
  m_GameObject: {fileID: 1763256859}
  m_LocalRotation: {x: 0, y: 0, z: 0, w: 1}
  m_LocalPosition: {x: 24.9200001, y: 2.57999992, z: .699999988}
  m_LocalScale: {x: 1, y: 6.66006613, z: 19.6579647}
  m_Children: []
  m_Father: {fileID: 0}
  m_RootOrder: 8
--- !u!114 &1763256864
MonoBehaviour:
  m_ObjectHideFlags: 0
  m_PrefabParentObject: {fileID: 11439724, guid: 3f356b036480648af99f4103801dd6eb,
    type: 2}
  m_PrefabInternal: {fileID: 0}
  m_GameObject: {fileID: 1763256859}
  m_Enabled: 1
  m_EditorHideFlags: 0
  m_Script: {fileID: 11500000, guid: 6bdc0a65a853f4139830a3fe4cc82684, type: 3}
  m_Name: 
  m_EditorClassIdentifier: 
  EnemyToSpawn: {fileID: 983144324}
  Barrier1: {fileID: 1781400848}
  Barrier2: {fileID: 0}
  CameraIsFollowing: {fileID: 0}
--- !u!1 &1781400848 stripped
GameObject:
  m_PrefabParentObject: {fileID: 192070, guid: 51f005788834d4c5fb90dceed7e0ec15, type: 2}
  m_PrefabInternal: {fileID: 591764229}
--- !u!115 &1803292790
MonoScript:
  m_ObjectHideFlags: 0
  m_PrefabParentObject: {fileID: 0}
  m_PrefabInternal: {fileID: 0}
  m_Name: 
  serializedVersion: 4
  m_Script: 
  m_DefaultReferences: {}
  m_Icon: {fileID: 0}
  m_ExecutionOrder: 0
  m_ClassName: CanvasScaler
  m_Namespace: UnityEngine.UI
  m_AssemblyName: UnityEngine.UI.dll
  m_IsEditorScript: 0
--- !u!1 &1867094735 stripped
GameObject:
  m_PrefabParentObject: {fileID: 158096, guid: c40d6517d91334e82b6c065b6a2078c3, type: 2}
  m_PrefabInternal: {fileID: 1627005516}
--- !u!1001 &2066781121
Prefab:
  m_ObjectHideFlags: 0
  serializedVersion: 2
  m_Modification:
    m_TransformParent: {fileID: 0}
    m_Modifications:
    - target: {fileID: 416882, guid: 51f005788834d4c5fb90dceed7e0ec15, type: 2}
      propertyPath: m_LocalPosition.x
      value: 139.5
      objectReference: {fileID: 0}
    - target: {fileID: 416882, guid: 51f005788834d4c5fb90dceed7e0ec15, type: 2}
      propertyPath: m_LocalPosition.y
      value: 6.0999999
      objectReference: {fileID: 0}
    - target: {fileID: 416882, guid: 51f005788834d4c5fb90dceed7e0ec15, type: 2}
      propertyPath: m_LocalPosition.z
      value: .699999988
      objectReference: {fileID: 0}
    - target: {fileID: 416882, guid: 51f005788834d4c5fb90dceed7e0ec15, type: 2}
      propertyPath: m_LocalRotation.x
      value: 0
      objectReference: {fileID: 0}
    - target: {fileID: 416882, guid: 51f005788834d4c5fb90dceed7e0ec15, type: 2}
      propertyPath: m_LocalRotation.y
      value: 0
      objectReference: {fileID: 0}
    - target: {fileID: 416882, guid: 51f005788834d4c5fb90dceed7e0ec15, type: 2}
      propertyPath: m_LocalRotation.z
      value: 0
      objectReference: {fileID: 0}
    - target: {fileID: 416882, guid: 51f005788834d4c5fb90dceed7e0ec15, type: 2}
      propertyPath: m_LocalRotation.w
      value: 1
      objectReference: {fileID: 0}
    - target: {fileID: 416882, guid: 51f005788834d4c5fb90dceed7e0ec15, type: 2}
      propertyPath: m_RootOrder
      value: 10
      objectReference: {fileID: 0}
    - target: {fileID: 2326230, guid: 51f005788834d4c5fb90dceed7e0ec15, type: 2}
      propertyPath: m_Enabled
      value: 1
      objectReference: {fileID: 0}
    - target: {fileID: 192070, guid: 51f005788834d4c5fb90dceed7e0ec15, type: 2}
      propertyPath: m_TagString
      value: Barrier5
      objectReference: {fileID: 0}
    - target: {fileID: 192070, guid: 51f005788834d4c5fb90dceed7e0ec15, type: 2}
      propertyPath: m_Name
      value: Barrier05
      objectReference: {fileID: 0}
    m_RemovedComponents: []
  m_ParentPrefab: {fileID: 100100000, guid: 51f005788834d4c5fb90dceed7e0ec15, type: 2}
  m_IsPrefabParent: 0
